2460 3816
500 137 715 192 PRAEFATIO.
992 138 1122 194 XXXVII

103 310 239 368 servato:
274 311 320 367 est
342 305 449 366 LVIII.
496 308 578 366 Inter
600 307 656 366 hoc
678 307 784 365 folium
808 308 838 364 et
861 308 1025 367 extremum
1048 327 1119 384 qua·

104 398 251 457 ternionis
274 397 328 454 LV
351 395 408 455 duo
432 397 506 455 folia
529 397 700 471 supersunt,
734 415 768 454 ex
791 395 838 454 his
861 398 989 474 paginae
1012 399 1121 472 prioris

105 486 286 546 continentis
308 485 397 544 finem
420 485 624 545 commentarii
652 485 797 543 orationis
826 484 859 542 in
882 488 989 544 senatu
1012 489 1043 545 et
1064 486 1120 545 ini·

105 575 183 634 tium
210 576 355 634 orationis
387 575 466 650 apud
493 574 638 650 populum
665 573 785 632 habitae
813 573 971 633 cohaerent
996 575 1053 648 ita,
1086 577 1122 634 ut

105 661 248 722 intimum
286 665 489 738 quaternionis
524 681 588 722 esse
624 661 737 721 debeat.
794 663 928 721 Alterum
967 663 1121 724 continens

106 752 325 829 praefationem
366 755 397 810 et
441 753 558 826 partem
603 751 809 810 commentarii
850 751 994 810 orationis
1034 752 1121 811 Milo·

106 842 227 915 nianae,
269 859 335 900 cum
371 859 466 915 neque
508 859 663 899 numerum
705 841 908 916 quaternionis
944 841 1122 916 inscriptum

106 929 217 989 habeat
243 949 339 1006 neque
366 933 466 1006 partes
499 929 689 1003 cohaereant,
723 928 885 987 secundum
916 929 965 989 vel
996 929 1121 988 tortium

108 1020 313 1094 quaternionis
350 1019 416 1077 fuit.
471 1018 537 1077 Iam
572 1020 657 1093 patet
692 1018 749 1076 hoc
785 1018 891 1077 folium
927 1019 965 1077 ad
1002 1023 1122 1094 qnater·

106 1108 227 1167 nionem
262 1106 360 1182 LVII,
397 1107 474 1165 illud
511 1107 547 1166 ad
584 1105 654 1165 LVI
689 1107 845 1182 pertinere.
904 1107 1005 1183 Atque
1041 1111 1122 1166 recte

107 1188 235 1277 Maiusl)
267 1196 323 1255 hoc
349 1195 456 1255 folium
488 1196 648 1255 seeundum
674 1196 766 1254 fuisse
794 1197 922 1270 censuit,
950 1198 1021 1272 quia
1044 1198 1123 1256 inter

106 1304 175 1363 pag.
201 1285 264 1343 233
297 1287 327 1343 et
360 1286 422 1344 226
461 1303 557 1361 pauca
592 1286 711 1342 tantum
747 1284 851 1343 desint.
908 1284 1002 1344 Immo
1034 1286 1122 1344 initio

106 1374 302 1450 praefationis
316 1373 498 1433 Milonianae
516 1375 695 1449 paucissima
714 1373 814 1432 deesse
836 1393 870 1432 ex
894 1377 1034 1433 contextu
1056 1392 1121 1449 per·

107 1463 245 1540 spicuam
271 1462 318 1520 fit:
354 1464 457 1538 itaque
485 1463 624 1538 equidem
651 1482 710 1521 non
733 1461 851 1537 dubita,
875 1464 947 1537 quin
970 1463 1001 1520 in
1024 1465 1123 1538 prima

105 1553 219 1630 pagina
256 1551 459 1627 quaternionis
486 1551 572 1609 LVII
608 1551 837 1610 commentarius
874 1552 1018 1610 orationis
1054 1554 1123 1627 post

105 1639 237 1698 reditum
264 1640 303 1699 ad
329 1639 474 1716 populum
504 1640 625 1698 habitae
653 1641 804 1699 confectus
828 1639 875 1698 sit.
922 1637 1044 1699 Certum
1065 1641 1122 1717 igi·

105 1733 157 1787 tur
184 1732 229 1788 est
255 1731 408 1806 integrum
435 1731 680 1788 commentarium
708 1729 853 1787 orationis
881 1729 912 1785 in
936 1731 1043 1787 senatu
1070 1729 1122 1787 ha-

105 1817 189 1876 bitae
211 1817 266 1874 XX
288 1820 414 1895 paginas
438 1836 506 1876 cnm
530 1817 643 1877 duabus
666 1817 812 1876 columnis
833 1818 1022 1892 continuisse,
1046 1819 1122 1877 veri·

106 1907 295 1966 simillimum
313 1908 559 1965 commentarium
578 1906 721 1965 orationis
741 1905 820 1982 apud
839 1907 983 1981 populum
1001 1905 1122 1964 habitae

107 2015 142 2054 ex
162 1995 189 2053 X
211 1990 330 2073 paginis
353 1998 384 2053 et
406 2014 466 2054 una
490 1996 628 2054 columna
651 1996 828 2067 constitisse,
852 2015 867 2053 e
891 1994 998 2071 quibus
1022 2014 1124 2071 super-

106 2087 179 2143 sunt
201 2087 261 2144 tres
289 2086 417 2161 paginae
445 2088 557 2143 etune
580 2082 724 2143 columna.
770 2083 953 2142 Milonianae
976 2102 1122 2143 commcn-

105 2174 212 2246 tarius,
235 2175 261 2232 si
283 2173 356 2231 haec
378 2176 460 2232 recta
484 2192 546 2232 esse
570 2173 783 2248 existimamus,
806 2175 922 2250 integer
939 2172 1048 2230 LXXX
1070 2192 1122 2247 pa·

107 2263 193 2339 ginas
221 2265 251 2320 et
278 2281 369 2320 unam
396 2262 567 2321 columnam
595 2262 747 2338 amplexus
776 2265 833 2337 est,
866 2281 882 2321 e
909 2261 1017 2338 quibus
1040 2261 1123 2319 XXV

49 2368 52 2374 ·
106 2353 237 2427 paginae
261 2353 292 2409 et
313 2369 374 2409 una
397 2352 533 2410 columna
557 2354 726 2427 suppetunt.
773 2350 821 2409 Ad
843 2351 932 2409 finem
955 2351 1034 2409 enim
1056 2370 1122 2427 per·

107 2439 228 2497 ducitur
250 2439 415 2498 Miloniana
438 2441 470 2498 in
492 2460 561 2517 pag.
583 2441 655 2514 129,
679 2459 755 2515 quae
779 2459 846 2498 cum
871 2441 1037 2501 130„140.
1059 2441 1121 2498 139

106 2528 213 2587 folium
227 2531 391 2586 extremum
409 2530 613 2605 quaternionis
627 2528 712 2585 LXII
726 2527 826 2588 efficit.
849 2528 931 2588 Inter
946 2529 1002 2588 hoc
1016 2528 1122 2587 folium

107 2620 138 2676 et
151 2635 219 2693 pag.
236 2618 297 2675 211
314 2617 372 2676 duo
389 2619 507 2676 tantum
522 2617 596 2675 folia
610 2619 728 2676 servata
743 2621 825 2676 sunt:
840 2618 968 2675 alterum
981 2617 1122 2676 intimum

107 2705 320 2782 quaternionis,
343 2707 472 2765 alterum
497 2706 657 2764 secundum
680 2705 727 2764 vel
750 2705 881 2764 tertium.
919 2705 965 2762 Ex
988 2706 1122 2764 oratione

108 2794 204 2852 elucet
227 2794 303 2852 illud
324 2794 356 2853 in
375 2796 569 2871 quaternione
587 2793 668 2867 LIX,
686 2794 756 2866 hoo,
776 2796 847 2868 quia
871 2793 909 2851 ad
928 2791 947 2867 ξ
965 2795 1006 2851 49
1031 2795 1121 2868 perti·

106 2885 167 2956 net,
190 2901 257 2959 pag.
275 2885 338 2943 130
357 2881 429 2957 ad§
446 2886 518 2957 101,
536 2884 568 2940 in
583 2883 776 2959 quaternione
794 2881 848 2939 LX
866 2880 1036 2957 ponendum
1050 2899 1121 2939 esse.

107 2971 247 3031 Difficilis
270 2973 316 3031 est
339 2971 483 3048 quaestio,
506 2975 607 3029 utrum
630 2970 790 3029 secundum
813 2989 851 3028 an
872 2969 997 3028 tertium
1014 2970 1121 3028 folium

107 3062 160 3120 sit:
192 3078 255 3137 ego,
279 3079 346 3119 cum
368 3063 499 3136 spatium
523 3060 597 3119 VIII
619 3059 797 3138 paginarum
821 3059 859 3117 ad
880 3059 1121 3134 interpretandas

108 3147 148 3224 ἐξ
169 3150 210 3207 32
239 3149 277 3208 ad
306 3151 347 3208 36
375 3168 434 3208 non
462 3149 596 3209 sufficere
624 3149 754 3223 credam,
786 3151 910 3206 tertium
937 3148 1045 3207 folium
1067 3166 1120 3206 nos

107 3241 208 3296 tenere
234 3241 317 3314 puto.
364 3236 560 3314 Subsequitur
587 3239 814 3298 commentarius
839 3236 1005 3313 Sestianae,
1036 3239 1121 3295 ouius

107 3327 239 3385 maxIma
261 3344 331 3402 pare
350 3329 433 3386 extat
450 3329 481 3385 in
500 3327 703 3403 palimpsesto,
726 3345 831 3401 nempe
848 3325 975 3384 XXXVI
992 3328 1122 3404 paginae

180 3515 206 3578 1)
225 3516 306 3568 Acci.
325 3515 404 3568 closo
423 3515 467 3582 II,
481 3532 511 3584 p.
527 3519 571 3582 91,
589 3520 656 3568 noto
673 3516 700 3567 2.
