2460 3816
121 175 185 239 122
508 173 548 227 IN
566 172 750 228 VATINIUM

117 343 259 419 probasse
286 342 449 416 videretur,
477 343 606 402 occurrit
633 361 649 400 e
676 343 792 402 diverso
816 342 932 401 Tullius
960 359 1019 400 non
1047 359 1132 416 opor-

117 433 211 492 tuisse
244 433 336 491 etiam
366 432 420 491 illo
453 432 584 490 convivii
614 432 747 507 tempore
781 451 799 491 a
831 434 996 491 ceterorum
1026 430 1133 489 habitu

25 522 45 558 ¹³<
118 520 290 595 dissentire,
317 539 355 578 ne
378 522 478 579 coetus
502 521 689 596 epulantium
711 515 799 580 unius
817 523 899 580 veste
922 519 1043 598 lugubri
1066 536 1133 578 con·

117 611 323 668 taminaretur.

18 705 98 768 533.
184 697 444 757 Postulatusne
467 699 516 756 sis
539 699 618 775 lege
640 698 784 756 Licinia
807 691 863 774 <et
886 692 1020 774 Iunia).
1159 716 1174 756 e

187 785 316 846 Crimine
348 786 383 845 de
411 787 562 846 sodaliciis
584 786 725 846 Vatinius
753 789 890 863 coeperat
918 787 1064 860 accusari,
1096 785 1133 844 de

118 893 177 952 quo
199 875 350 952 puniendo
373 877 411 934 iis
433 874 549 954 legibus
573 875 741 935 cavebatur.

184 964 442 1041 Appellarisne
464 964 630 1024 tribunos
648 965 703 1041 pl,
721 958 805 1043 <ne>
824 982 967 1022 causam
984 963 1132 1021 diceres.

185 1052 403 1131 Argumentum
435 1054 633 1125 conscientiae
664 1055 792 1127 invenit,
904 1071 995 1128 quam
1021 1052 1133 1111 iudicio

117 1142 244 1219 probare
267 1143 343 1200 nihil
366 1143 403 1201 ab
423 1160 454 1201 se
473 1143 575 1201 contra
593 1143 673 1220 leges
693 1161 756 1201 csse
775 1143 973 1201 commissum.
996 1140 1133 1219 Vigilan·
1148 1159 1175 1199 ro

117 1232 233 1290 tissime
256 1233 410 1307 praeterea
432 1249 491 1290 non
515 1232 674 1308 collegium
700 1231 901 1304 tribunorum,
929 1231 980 1289 sed
1001 1231 1133 1288 tantum·

117 1320 205 1380 modo
219 1319 251 1378 P.
265 1318 401 1380 (llodium
419 1320 493 1378 dicit
512 1320 549 1378 ab
568 1320 811 1395 coappellatum,
830 1321 972 1395 quoniam
986 1317 1134 1377 diffideret

118 1409 233 1468 scilicet
265 1409 376 1468 auxilio
409 1410 574 1467 ceterorum
602 1412 632 1466 et
658 1410 691 1466 in
717 1426 776 1468 uno
804 1427 887 1483 spem
914 1408 1048 1484 haberet,
1081 1408 1134 1482 qui

119 1499 211 1556 etiam
234 1499 376 1557 confessis
400 1497 573 1556 criminibus
597 1498 741 1573 opitulari
764 1498 879 1556 soleret.

17 1593 98 1656 384.
184 1586 275 1644 Num
310 1588 390 1662 quis
426 1604 507 1644 reus
544 1587 581 1644 in
616 1586 780 1645 tribunal
816 1587 882 1644 sui-
908 1575 1131 1661 quaesitoris
1147 1603 1174 1644 rs

119 1675 322 1734 escenderit
343 1669 535 1752 (eumque)
557 1677 594 1734 vi
616 1674 837 1747 deturbarit,
861 1674 1036 1734 subsellia
1060 1673 1133 1732 dis·

119 1766 275 1840 suparit,
298 1782 405 1824 urnas
429 1763 612 1823 deiecerit.

33 1862 36 1869 ’
89 1893 91 1896 ⁴
184 1853 267 1912 Haec
298 1852 380 1912 faeta
412 1855 494 1926 sunt,
526 1870 594 1911 eum
625 1870 692 1911 reus
722 1855 800 1911 esset
827 1851 863 1910 de
890 1853 921 1912 vi
944 1851 975 1909 P.
990 1850 1132 1910 Vatinius

119 1944 276 2000 accusante
310 1939 339 2000 0.
367 1941 492 2000 Licinio.
547 1942 626 2000 Nam
663 1959 730 2000 cum
765 1943 885 2016 praetor
918 1939 948 2000 (l.
975 1939 1133 1998 Memmius

118 2032 317 2106 quaesitorem
341 2031 446 2090 sortito
469 2031 567 2088 facere
584 2031 676 2090 vellet
698 2031 729 2088 et
741 2029 883 2088 Vatinius
901 2028 1075 2105 postularet,
1099 2029 1134 2086 ut
1147 2047 1174 2086 ro

117 2120 183 2195 ipse
214 2113 287 2196 (et)
319 2121 473 2178 accusator
505 2137 574 2178 suus
613 2121 733 2178 mutuas
769 2119 943 2178 relectiones
975 2118 1011 2177 de
1044 2135 1133 2193 quae·

119 2207 260 2267 sitoribus
293 2208 426 2266 facerent
453 2238 495 2248 —
523 2209 618 2282 ipsius
651 2209 761 2266 etenim
783 2207 901 2266 Vatinii
932 2209 1010 2284 lege,
1043 2224 1133 2282 quam

118 2297 231 2355 tulerat
265 2298 299 2354 in
329 2296 498 2370 tribunatu,
534 2314 594 2355 non
626 2298 700 2355 satis
732 2299 834 2371 aperte
866 2315 961 2372 neque
993 2296 1133 2354 distincte

119 2385 292 2460 apparebat,
315 2387 416 2442 utrum
440 2388 518 2444 sorte
542 2387 694 2460 quaesitor
717 2387 794 2445 esset
812 2385 985 2463 deligendus
1005 2403 1044 2443 an
1061 2400 1132 2444 vero

118 2476 223 2532 mutua
241 2475 320 2531 inter
339 2474 524 2533 adversarios
544 2475 680 2532 facienda
697 2475 818 2533 reiectio
831 2474 1047 2549 -conspirati
1065 2474 1129 2548 qui-
1145 2490 1172 2531 rs

118 2562 188 2621 darn
219 2580 274 2637 pro
301 2564 366 2638 ipso
390 2563 513 2622 Vatinio
541 2563 658 2621 inmissi
684 2563 817 2621 tribunal
844 2563 1076 2622 conscenderunt
1103 2564 1134 2621 et

119 2653 226 2726 sortes,
258 2670 334 2727 quae
365 2653 446 2709 intra
475 2670 581 2709 urnam
613 2651 853 2726 continebantur,
886 2652 1053 2730 dispergere
1081 2650 1132 2708 ad-

120 2742 214 2818 gressi
241 2744 318 2799 sunt.
363 2740 463 2817 Atque
490 2742 535 2797 itc
558 2740 695 2798 effectum
718 2744 763 2799 est
786 2741 915 2818 gratiose
938 2759 992 2816 per
1013 2740 1045 2797 Ρ.
1068 2738 1132 2798 010-

118 2830 217 2903 dium,
254 2832 289 2888 ut
325 2832 424 2890 omnia
461 2829 622 2889 secundum
657 2831 843 2889 voluntatem
880 2848 965 2888 suam
991 2828 1131 2888 Vatinius

119 2918 274 2977 obtineret.
1147 2934 1174 2975 ao

119 3128 121 3134 '
186 3121 425 3191 3epulantius0
494 3121 652 3176 detIunia
671 3123 746 3178 codd.
759 3123 813 3178 otc.
887 3123 1094 3178 atribunuso

118 3192 197 3266 (ne)
220 3210 263 3247 cco
384 3198 399 3245 9
429 3194 477 3246 lac.
497 3195 611 3263 cipclsto.
634 3210 662 3260 o,
689 3196 777 3264 suppl.
798 3194 886 3248 Halm
908 3193 998 3265 <quia
1020 3193 1133 3266 noluit>

118 3263 224 3318 iudicio
243 3280 270 3316 m
293 3277 349 3330 qua
372 3264 423 3331 (ccl
445 3266 511 3333 quo)
534 3263 639 3318 iudicio
661 3265 703 3334 Zp
794 3270 826 3318 10
849 3264 982 3333 probaret
1004 3265 1045 3335 Zp

120 3341 153 3389 14
178 3333 309 3388 cumfeesi
334 3334 357 3388 0
449 3339 482 3386 15
506 3335 568 3402 quit
592 3336 615 3390 0
684 3335 839 3402 quaestoris
865 3334 1000 3389 exciderit
1025 3337 1048 3391 0

120 3413 153 3461 16
173 3403 336 3478 (eumque)
351 3405 492 3460 coddOic.
539 3405 700 3462 subseliaO
770 3412 801 3459 21
818 3404 891 3478 (et)
908 3406 1099 3477 Occcbcdgpca

117 3477 347 3541 quaestoris·
426 3482 459 3529 22
479 3477 585 3532 faceret
603 3494 645 3532 mc
725 3482 758 3530 23
778 3478 936 3546 apertast*
983 3477 1134 3532 distinctae

104 3548 139 3597 θ
201 3551 241 3598 26
254 3546 413 3602 reiectione
431 3548 476 3621 Zp
549 3554 582 3604 28
602 3547 677 3617 boll·
