2460 3816
132 153 158 209 X
529 151 745 206 PRAEFATIO.

200 326 222 380 1
250 338 320 396 pars
348 320 402 378 sub
430 320 524 379 ductu
550 322 720 380 transverso
746 321 846 396 posite
874 323 1086 398 angustissima
1114 324 1149 383 in

131 410 273 470 lineolam
295 408 419 482 excedit,
442 427 519 484 quae
542 408 596 467 sub
619 409 700 467 linea
721 411 788 484 ipsa
810 411 996 469 terminatur.

200 506 219 556 Β
251 516 321 574 pars
349 497 484 574 superior
510 497 606 556 multo
638 500 794 576 angustior
825 502 871 558 est
897 518 988 574 quam
1014 501 1148 560 inferior.

199 593 219 646 C
252 589 283 646 et
306 587 324 644 Θ
352 587 523 646 litterarum
549 596 620 661 pars
647 589 782 661 superior
805 590 930 646 curvata
957 607 1016 646 non
1040 589 1149 664 661161

131 677 248 751 littera,
277 694 353 752 quae
377 676 525 751 sequitur,
549 674 644 734 ductu
665 675 713 735 vel
736 678 817 734 recto
840 675 888 734 vel
910 679 1079 737 transverso
1102 677 1149 736 in·

132 759 215 841 cipit,
232 766 289 823 hae
307 765 426 823 litterae
445 781 514 822 cum
532 763 587 822 illa
604 767 690 839 parte
708 764 843 842 longiore
860 784 954 840 paene
974 765 1149 826 coniunctae

130 854 278 914 videntur.

198 945 215 1002 δ
244 942 335 1001 ductu
357 944 527 1000 transverso
550 941 699 1000 scribitur.

199 1038 218 1090 6
244 1031 356 1090 11116616
378 1032 410 1089 in
434 1029 507 1089 duas
534 1032 636 1106 partes
659 1030 817 1105 dividitur,
852 1050 979 1107 quarum
1010 1034 1150 1107 superior

130 1121 226 1178 multo
249 1120 347 1179 minor
370 1122 423 1178 est.
468 1118 563 1176 Linea
580 1119 709 1177 rotunda
727 1119 861 1194 superior
882 1121 914 1178 in
932 1123 1077 1196 punctum
1100 1139 1148 1179 ex·

130 1209 232 1268 cedere
255 1208 382 1266 videtur

199 1305 219 1355 F
242 1297 339 1356 medio
363 1296 455 1355 ductu
477 1298 509 1353 in
532 1299 633 1370 1161166
656 1315 750 1372 paene
768 1315 878 1373 aequas
898 1297 1052 1371 dividitur,
1076 1317 1148 1373 qua-

130 1407 197 1447 rum
219 1385 343 1444 inferior
366 1385 420 1444 sub
443 1385 554 1443 lineam
576 1384 757 1461 perducitur.
790 1385 915 1445 Lineola
933 1405 1049 1445 summa
1072 1405 1148 1462 pau·

130 1475 193 1534 lum
215 1478 247 1532 in
271 1475 423 1533 sinistram
445 1477 562 1550 partem
584 1473 703 1532 litterae
727 1474 849 1533 excedit.

197 1564 215 1618 1
238 1583 272 1622 eo
295 1564 415 1621 tantum
438 1562 476 1620 ab
501 1569 507 1621 Ι
532 1562 641 1636 differt,
665 1562 746 1638 quod
768 1564 865 1622 maius
888 1566 933 1624 eet
956 1564 1094 1640 quodque
1118 1569 1149 1625 et

129 1652 209 1710 infra
233 1655 263 1709 et
286 1669 375 1726 supra
399 1655 546 1711 curvatur.

198 1749 223 1799 Μ
254 1742 443 1816 primapers
465 1744 549 1800 16616
571 1743 624 1815 661,
647 1759 706 1798 non
730 1743 861 1799 curvata.

187 1837 220 1891 ,Ν
253 1828 358 1888 ductus
389 1831 464 1888 recti
496 1830 620 1887 eandem
656 1828 893 1906 magnitudinem
928 1829 1053 1902 habent,
1090 1830 1150 1891 nisi

131 1918 211 1995 quod
233 1920 316 1995 prior
338 1918 392 1977 sub
415 1919 495 1976 linea
517 1917 632 1993 incipit.

198 2015 219 2066 Ρ
246 2010 277 2066 61
305 2020 323 2088 q
352 2007 407 2065 sub
434 2007 545 2066 lineam
571 2007 788 2082 perducuntur3
816 2025 931 2065 summa
963 2025 1033 2082 pars
1063 2008 1148 2069 illius

130 2095 250 2155 litterae
274 2096 486 2173 angustissima
509 2098 562 2169 est,
585 2095 673 2153 huius
696 2095 851 2154 simillima
869 2101 898 2154 C.

199 2192 309 2261 Rpars
337 2189 461 2244 curvata
490 2186 701 2260 angustissima
734 2186 791 2257 est,
823 2185 930 2242 ultima
957 2203 1064 2260 parve3
1092 2186 1150 2246 hac

132 2273 213 2333 linea
236 2293 303 2332 cum
321 2274 432 2347 littera,
457 2291 534 2348 quae
558 2275 704 2347 sequitur,
727 2274 885 2331 coniuncta
907 2272 1032 2332 ridetur.

197 2369 216 2421 S
242 2362 381 2438 partibus
412 2362 632 2439 angustissimis
663 2361 820 2418 minimum
852 2364 983 2437 spatium
1013 2365 1149 2438 occupat.

199 2457 223 2508 Τ
247 2451 357 2509 lineola
383 2450 496 2509 librata
522 2450 679 2524 paululum
707 2449 744 2508 ab
772 2453 898 2527 utraque
925 2454 1011 2526 parte
1035 2455 1150 2511 rectam

132 2539 261 2612 excedit3
298 2539 525 2598 fundamentum
561 2539 678 2597 litterae
714 2540 822 2597 16111161
863 2542 1046 2616 angusteque
1084 2559 1150 2599 cur·

131 2631 235 2688 vatum
259 2631 311 2687 661.

200 2727 218 2775 u
242 2718 326 2793 prior
347 2733 417 2792 pars
441 2719 576 2789 curvata,
598 2716 746 2791 posterior
767 2719 849 2775 16616
872 2721 925 2775 661.

200 2803 387 2880 Compendiis
411 2823 470 2862 non
494 2805 597 2863 multis
620 2823 715 2880 neque
738 2805 890 2863 inusitatis
913 2805 1053 2864 librarius
1077 2823 1150 2865 usus

132 2897 184 2952 est.
230 2893 273 2952 Ut
296 2895 433 2952 omittam
456 2893 597 2952 lineolam
618 2893 770 2952 vocalibus
794 2894 825 2951 in
848 2893 905 2951 fine
928 2895 1024 2952 lineae
1048 2912 1150 2970 super·

130 2984 274 3058 positam:
298 2986 347 3040 t*
370 2974 450 3062 (6111
472 2983 516 3041 cet
539 2973 619 3062 -an)‚
641 2982 714 3040 item
738 2987 785 3040 ε’
800 2988 835 3040 Γ
849 2988 904 3042 0“
919 2989 966 3040 u*
989 2986 1020 3040 61
1043 2988 1070 3042 0
1094 2985 1150 3042 mi·

132 3089 187 3129 nus
210 3071 320 3129 litteris
343 3071 514 3145 appositum
537 3089 560 3129 6.
572 3089 600 3144 9.
625 3073 651 3129 Ιο
674 3071 728 3129 has
752 3072 990 3148 contignationes
1008 3070 1150 3132 librarius

132 3161 246 3235 posuit:

224 3239 325 3328 &(ae)
349 3267 408 3306 non
432 3248 528 3307 solum
555 3247 587 3304 in
610 3248 820 3307 terminatione
844 3248 892 3307 vel
915 3249 946 3306 in
969 3267 1029 3307 uno
1048 3249 1151 3324 verbo,

135 3336 187 3394 sed
211 3337 301 3394 etiam
329 3338 361 3394 in
394 3337 522 3396 duobus:
550 3330 685 3416 deilffl
710 3336 813 3395 Ambr.
837 3338 911 3411 409,
926 3349 941 3395 9
957 3338 1011 3396 sin.
1035 3336 1068 3394 in
1091 3336 1150 3397 fine

134 3424 246 3499 lineae3
270 3427 362 3484 etiam
385 3428 416 3484 in
439 3426 538 3484 media
561 3425 648 3483 linea.

202 3505 317 3595 utut)
342 3517 372 3573 61
394 3515 426 3572 in
448 3514 547 3572 media
570 3514 649 3571 linea
672 3512 756 3572 etin
779 3513 844 3573 fine.
