2460 3816
578 167 593 226 s
613 166 726 214 35—41.
1095 126 1156 225 rar

144 331 282 404 voluisse,
305 333 340 389 ut
363 349 412 390 eas
431 330 539 404 ederet,
562 349 636 405 quas
659 332 813 405 corruptas
838 347 855 388 a
879 329 1036 388 candidato
1060 329 1158 389 crimi-

143 421 273 477 naretur.
310 418 368 478 Hie
389 437 460 478 vero
478 418 647 478 Laterensis
670 419 808 477 noluerat
829 419 910 494 ipsas
934 419 1028 491 edere,
1051 417 1158 494 quibus

144 507 261 566 dicebat
283 509 440 584 pecuniam
468 508 583 581 datam,
610 509 715 583 utique
743 507 889 581 consulte,
912 526 949 566 ne
971 526 1035 581 reo,
1059 526 1076 565 a
1099 527 1158 583 quo

143 597 300 671 pecuniam
319 599 515 672 sumpserant,
532 596 636 654 favore
654 597 746 654 tacito
765 598 1031 673 patrocinarentur.
1067 595 1159 666 Quasi
1181 615 1186 622 ·

117 704 252 762 anegare
274 687 376 760 itaque
399 688 560 761 temptavit
583 687 715 744 accusari
738 703 822 760 posse
845 685 911 762 lege
933 684 1050 744 Licinia
1070 684 1158 743 Plan·

144 776 231 848 cium,
254 774 372 849 quando
397 776 457 834 sint
476 776 552 833 aliae
570 774 666 833 tribus
685 774 782 832 editae
800 793 854 833 nec
872 775 943 832 illae
961 775 1158 849 potissimum,

144 881 220 938 quae
256 865 416 939 sumpsisse
451 865 609 938 pecuniam
645 863 813 922 dicerentur
845 867 875 922 et
907 881 979 939 quas
1011 862 1079 921 ideo
1110 863 1159 920 vel

143 953 271 1010 maxime
298 955 417 1012 senatus
446 953 494 1010 edi
520 953 676 1025 voluisset,
707 954 742 1009 ut
770 953 799 1011 et
826 952 992 1011 iudicarent
1019 954 1049 1009 et
1075 953 1159 1011 testi·

143 1042 277 1098 monium
299 1042 348 1099 vel
379 1042 483 1099 eontra
513 1060 598 1099 reum
624 1041 673 1099 vel
704 1060 758 1117 pro
790 1060 840 1100 reo
873 1061 908 1099 ex
939 1043 1005 1116 ipsa
1032 1041 1158 1099 ueritate

104 1149 129 1187 10
143 1129 341 1205 perhiberent,
364 1132 435 1206 quia
459 1132 521 1189 sine
545 1128 643 1204 dubio,
667 1129 739 1205 quid
757 1131 834 1189 esset
857 1131 930 1206 aput
947 1129 1071 1188 tribules
1090 1147 1158 1189 suos

144 1221 268 1295 gestum,
292 1219 403 1294 optime
427 1220 544 1278 seirent.

209 1306 307 1383 Aput
336 1326 466 1383 eosque
492 1327 544 1366 me
572 1327 613 1366 ne
641 1309 798 1383 quinque
825 1307 967 1383 quidem
998 1309 1158 1382 reiectis,
1178 1311 1228 1372 §4

144 1396 237 1471 quod
263 1397 300 1454 in
328 1415 499 1472 proxumo
530 1416 590 1455 reo
619 1397 659 1454 de
691 1397 839 1455 consilii
867 1397 1049 1456 sententia
1076 1415 1159 1455 eon-

144 1485 311 1542 stitutum
334 1488 400 1560 est,
424 1504 529 1563 cogas
553 1504 696 1545 causam
719 1484 845 1544 dicere.

105 1592 129 1631 15
210 1573 275 1632 Iam
303 1574 338 1632 de
366 1574 515 1634 sodaliciis
544 1593 664 1633 oausam
696 1574 811 1632 dixerat
837 1573 869 1631 P.
883 1573 1024 1633 Vatinius
1056 1573 1158 1633 eodem

144 1662 319 1722 defendente
345 1663 384 1720 Μ.
410 1661 558 1722 Cicerone.
606 1661 695 1722 Cuius
724 1663 858 1737 exemplo
881 1664 972 1740 negat
998 1663 1158 1738 iniquitate

143 1750 311 1811 Laterensis
335 1771 397 1812 esse
420 1752 542 1811 Plancio
565 1754 741 1827 permissum
764 1753 894 1827 quinque
918 1751 1024 1810 saltem
1046 1750 1157 1810 iudices

143 1841 266 1913 reicere,
294 1860 352 1916 quo
381 1842 541 1900 manifesta
569 1843 608 1899 sit
635 1839 801 1917 inprobitas
829 1839 977 1898 obstinate
1000 1841 1158 1899 conitentis

143 1929 271 2001 inimici,
301 1932 335 1987 ut
357 1948 425 1987 reus
448 1931 587 1988 innocens
611 1930 799 2005 opprimatur
821 1929 1040 2004 conspiratione
1062 1931 1158 2007 magis

104 2035 130 2074 so
143 2018 315 2091 iniquorum
338 2017 470 2076 iudicum
493 2037 583 2093 quam
606 2019 738 2076 criminis
761 2018 888 2076 veritate
911 2019 1071 2078 convictus.

210 2105 287 2163 Non
314 2107 407 2163 enim
434 2108 465 2165 si
493 2109 554 2164 aut
577 2105 746 2165 Plancius
769 2108 822 2164 ita
844 2107 950 2181 uixit,
980 2109 1019 2165 ut
1042 2107 1192 2172 offen-5

144 2194 244 2252 deret
267 2196 383 2254 sciens
407 2196 595 2269 neminem,
623 2198 684 2253 aut
713 2198 752 2253 tu
779 2197 832 2254 ita
862 2197 1007 2269 errasti,
1034 2197 1074 2253 ut
1100 2215 1157 2255 eos

144 2282 266 2342 ederes
293 2283 505 2359 inprudens,
535 2287 574 2341 ut
596 2303 658 2343 nos
685 2285 804 2343 invito
831 2287 867 2343 te
893 2287 1013 2343 tamen
1036 2284 1078 2343 ad
1104 2285 1158 2342 iu-

144 2371 256 2444 dices,
288 2391 357 2430 non
381 2372 423 2431 ad
452 2373 647 2433 carnifices
674 2375 890 2447 veniremus,
922 2373 1058 2433 idcirco
1086 2375 1158 2433 ista

104 2477 130 2518 re
145 2458 259 2518 editio
282 2480 344 2537 per
367 2481 402 2520 se
424 2481 494 2520 non
517 2461 644 2521 acerba
670 2465 731 2522 est.

209 2547 408 2610 Periculosius
428 2552 615 2627 aliquantum
633 2552 732 2610 fuerat
750 2554 877 2626 evectus,
895 2553 930 2609 ut
947 2553 1003 2610 hoc
1021 2550 1158 2610 dicendo:

143 2630 279 2697 ‘voluisti
300 2638 469 2714 Plancium,
496 2639 679 2714 Laterensis,
707 2642 781 2716 aput
807 2642 943 2699 inimicos
970 2641 1082 2699 iudices
1111 2657 1158 2696 ae·

143 2722 251 2785 cusari'
276 2727 437 2786 offenderet
460 2731 573 2788 animos
597 2748 712 2802 eorum,
736 2731 789 2804 qui
812 2732 897 2787 erant
919 2729 955 2786 de
979 2747 1068 2787 causa
1090 2747 1158 2803 pro-

143 2817 318 2873 nuntiaturi.
372 2816 544 2894 Vigilanter
574 2818 677 2891 itaque
708 2817 795 2874 illum
827 2817 948 2892 quidem
978 2817 1035 2875 hoo
1065 2817 1158 2874 animi

103 2921 129 2960 eo
143 2902 281 2962 habuisse
308 2906 434 2964 testatus
463 2908 520 2978 est,
547 2908 582 2962 ut
608 2924 675 2964 reus
703 2906 814 2980 iniquis
841 2905 988 2964 iudicibus
1015 2907 1157 2979 uteretur,

143 2991 195 3050 sed
217 2992 369 3051 fortunam
391 2994 486 3052 multo
510 2995 679 3070 prosperius
703 2992 885 3068 secundaese,
908 2997 943 3052 ut
962 2995 1021 3053 viri
1044 2996 1157 3069 specta·

142 3084 192 3139 tae
221 3081 417 3141 humanitatis
445 3085 475 3140 et
501 3084 690 3158 incorruptae
714 3083 868 3160 religionis
894 3085 927 3140 in
953 3082 1030 3142 hanc
1058 3084 1156 3161 cogni·

143 3172 255 3228 tionem
283 3172 432 3245 venirent,
465 3187 541 3250 quae
573 3171 726 3230 innocenti
756 3190 807 3230 reo
835 3172 936 3231 obesse
963 3191 1023 3230 non
1049 3174 1156 3248 posset.

210 3322 338 3377 trent*
407 3325 587 3392 4pauoreO
656 3324 863 3379 taecusareO
932 3321 1090 3378 8uoluiase

145 3398 177 3445 10
201 3393 268 3459 quia
290 3410 333 3448 mo
361 3394 410 3461 qui
434 3395 458 3450 U
537 3401 569 3448 16
594 3393 756 3448 Ciceronem
781 3395 804 3450 0
861 3393 1041 3462 iniquitatem
1065 3395 1089 3450 O

144 3469 177 3517 23
197 3464 356 3520 ederensO
407 3466 480 3520 atO
550 3471 583 3518 24
607 3467 640 3518 ut
658 3481 711 3533 pro
730 3466 810 3520 adO
886 3471 921 3518 no
939 3465 1053 3517 aed'xt'xs
1071 3466 1097 3513 Ο,

144 3540 176 3587 31
197 3535 365 3602 speetateC
