2460 3816
136 176 199 241 118
524 176 564 230 IN
583 176 766 232 VATINIVM

34 352 51 412 ξ
72 350 135 401 19..
199 346 323 423 Augur
345 346 431 404 fieri
453 347 486 403 in
510 343 703 414 1111111111
724 346 848 405 locum.

200 432 232 502 Q.
251 435 389 494 Metellus
414 433 512 508 (11111,
539 453 616 492 unus
640 453 655 492 o
682 453 805 494 numero
833 454 993 512 augurum,
1020 437 1147 496 nonita

132 524 248 600 pridem
284 525 348 582 vita
384 524 556 583 excesserat.
620 522 711 582 (iuius
747 525 780 581 in
815 523 914 583 locum
950 523 981 582 P.
1005 524 1146 584 Vatinius

133 615 313 690 auguratum
346 614 482 688 petierat.
538 612 578 670 Et
609 613 658 670 hic
688 612 854 689 proscindit
886 613 1043 672 audaciam
1075 615 1146 687 eius,

132 704 185 777 qui
220 702 312 759 fuerit
342 702 482 779 indignus
520 703 550 760 et
581 702 762 779 auguratum
794 703 934 777 consequi
965 705 995 760 et
1025 702 1147 762 Metello
1175 721 1187 762 ⁵

132 791 281 850 substitui.

38 883 115 944 §21-
201 878 246 937 Et
295 897 313 937 a
362 879 489 937 tabula
535 878 679 937 Valeria
727 879 888 956 collegae
940 880 996 937 tui
1046 881 1146 938 mitti

130 968 304 1026 iuberent.

196 1055 255 1114 Hic
278 1058 408 1135 collegae
431 1058 658 1117 intercesserant
678 1055 710 1113 P.
720 1055 844 1117 Vatinio
867 1056 983 1115 iubenti
1000 1056 1039 1114 M.
1054 1057 1146 1116 Bibu-

130 1147 194 1204 lum
224 1147 258 1203 in
288 1146 388 1205 vincla
421 1145 497 1204 duci.
548 1143 633 1214 Quod
663 1162 733 1205 vero
764 1145 803 1203 ad
833 1146 969 1205 tabulam
991 1145 1146 1204 Valeriam
1161 1165 1187 1206 ro

129 1235 278 1311 portinere
309 1235 459 1308 videatur,
491 1235 551 1294 loci
582 1252 690 1293 nomen
717 1234 759 1294 sie
786 1235 944 1293 ferebatur.
1000 1232 1145 1302 Quemad-

130 1323 251 1382 modum
293 1323 336 1382 ad
375 1323 538 1382 tabulam
580 1321 749 1397 Sestium,
791 1325 874 1383 cuius
914 1324 1051 1382 meminit
1090 1341 1145 1400 pro

131 1410 266 1487 Quintio,
298 1413 343 1470 ita
375 1415 406 1471 et
432 1412 475 1470 ad
504 1412 665 1470 tabulam
687 1411 868 1470 Valeriam
895 1412 1061 1487 dicebatur,
1093 1413 1146 1471 ubi

130 1500 268 1561 Valerius
286 1500 434 1561 Maximus
457 1501 592 1559 tabulam
614 1520 714 1559 rerum
732 1500 769 1558 ab
788 1519 819 1560 se
837 1503 869 1559 in
888 1499 987 1560 Gallia
1005 1519 1145 1577 prospere

130 1592 282 1668 gestanrm
304 1593 500 1666 proposuerat
522 1591 652 1651 ostentui
674 1590 772 1667 vulgo.
1160 1609 1186 1650 15

199 1677 330 1738 Consul
384 1681 511 1755 populi
560 1679 594 1736 R.
640 1679 951 1739 moderatissimus
1001 1679 1145 1740 sublato

131 1767 282 1842 auxilio,
306 1769 462 1828 exclusis
486 1769 626 1842 amicis,
648 1769 685 1827 vi
707 1767 939 1842 perditorum.

199 1853 344 1934 Congesta
451 1858 594 1935 Magnum
626 1857 778 1914 cumulum
810 1857 882 1915 fecit
910 1856 1043 1915 invidiae
1070 1859 1100 1915 et
1128 1875 1145 1916 a

129 1963 264 2021 persona,
287 1945 366 2020 quod
385 1947 544 2018 consulem,
563 1948 593 2004 et
611 1945 648 2003 ab
667 1945 799 2004 eiusdem
817 1945 957 2019 moribus,
980 1945 1060 2021 quod
1077 1964 1145 2021 pro·

130 2033 226 2093 hibito
258 2035 421 2093 amicorum
453 2035 602 2110 praesidio
634 2037 665 2092 ct
695 2053 749 2109 per
779 2035 955 2093 violentiam
987 2035 1145 2094 seditiosae
1159 2053 1187 2093 ao

130 2123 332 2182 multitudinis
361 2125 526 2198 opprimere
554 2126 677 2182 conatus
706 2125 746 2181 sit
769 2141 836 2180 eum
863 2125 1066 2198 potissimum,
1093 2125 1147 2198 qui

132 2213 286 2287 auspicato
310 2213 418 2270 etrite
442 2213 542 2272 omnia
565 2211 630 2270 fieri
653 2212 806 2289 gestiebat.

33 2303 112 2364 §22
198 2299 244 2358 Ut
267 2301 407 2360 consuli
430 2301 551 2360 domus
575 2302 724 2359 exilium
746 2319 823 2359 csse
845 2319 914 2360 non
936 2303 1065 2376 posset.

197 2389 266 2448 Non
288 2391 407 2448 tantum
424 2390 625 2448 miserabilem
642 2391 715 2449 fecit
732 2390 788 2447 hac
807 2391 983 2449 necessitate
1001 2389 1040 2446 M.
1055 2390 1145 2448 Bibu-

33 2523 36 2529 Α
131 2478 207 2551 lum,
243 2496 347 2536 verum
382 2480 475 2537 etiam
511 2497 626 2538 summa
662 2479 777 2537 invidia
813 2479 958 2537 laceravit
980 2478 1146 2552 Vatinium,
1161 2494 1187 2534 11

132 2566 185 2642 qui
202 2566 285 2624 velut
305 2566 478 2625 damnatam
497 2569 625 2627 consulis
643 2568 833 2626 maiestatem
850 2569 947 2643 primo
965 2569 998 2625 in
1016 2567 1146 2626 latebras

132 2656 275 2733 coegerit,
303 2655 407 2714 deinde
431 2657 629 2716 occultantem
652 2675 695 2730 se,
725 2675 761 2714 ne
784 2657 950 2731 periculum
973 2657 1078 2717 salutis
1101 2657 1146 2714 in·

128 2744 255 2818 cideret,
287 2746 439 2804 extrahere
472 2746 559 2806 domo
586 2763 640 2805 sua
668 2745 865 2819 contenderit,
897 2749 932 2804 ut
962 2746 1147 2821 perditorum

132 2834 268 2894 manibus
296 2835 446 2894 addiceret
472 2854 526 2894 nec
552 2835 660 2893 habere
689 2835 791 2893 consul
818 2835 941 2892 exilium
968 2834 1049 2894 domi
1076 2852 1147 2894 suae

132 2925 231 2980 tutum
253 2926 359 2999 posset.
1130 2921 1140 2926 ”
1161 2938 1188 2978 ao

34 3013 113 3075 §23-
200 3012 285 3070 Eam
311 3031 383 3070 rem
405 3007 489 3090 (p),
522 3031 611 3088 quae
644 3013 819 3088 auspiciis
853 3013 1054 3072 constituta
1084 3014 1147 3070 est.

202 3150 234 3199 12
255 3145 309 3199 cic.
328 3161 379 3214 pro
399 3144 530 3209 Quinctio
550 3151 575 3212 6,
594 3151 636 3199 25.

200 3275 215 3321 9
226 3269 308 3323 himo
364 3274 396 3323 10
411 3268 441 3320 in
450 3268 590 3322 inuidiam
600 3271 624 3325 0
635 3269 665 3323 in
673 3269 786 3324 vincula
798 3270 836 3324 Or
849 3269 880 3323 in
889 3269 1047 3324 custodiam
1057 3271 1098 3341 Zp

134 3345 167 3394 14
186 3338 308 3393 Galliam
323 3341 347 3396 O
413 3344 446 3393 18
461 3341 598 3394 11121111.
610 3341 704 3412 -1-411,
719 3359 768 3395 cm.
779 3367 813 3387 =
823 3345 859 3395 42
873 3343 924 3396 litt.
938 3342 1147 3408 ἐποικοδομήεει

131 3412 221 3480 suppl.
237 3411 324 3465 Halm
346 3413 484 3479 ἀναεκευὴ
501 3413 559 3493 ,ἀπὸ
582 3415 732 3479 oportuno
757 3416 802 3467 καί
820 3412 872 3467 ἀπ’
889 3416 977 3480 ἤθους
996 3414 1066 3467 κατὰ
1086 3430 1147 3494 (111-

112 3484 317 3607 dioridamcwdl
336 3481 576 3627 (Ρῗοέἳέῗῗοθ
600 3481 1147 3626 0auspiciidirdeiddtifcoddiilldapms
