2460 3816
517 176 531 235 e
553 173 701 224 lto-erlo.
1054 171 1109 235 *99

163 338 250 413 lpse·
266 338 331 396 ille
354 340 504 396 maxime
527 338 656 396 ludius.

162 426 227 486 Hoc
250 429 281 485 et
302 427 426 485 relicum
454 426 489 485 de
511 427 543 484 P.
564 425 667 487 Clodio
695 428 819 501 dieitur,
846 429 929 486 cuius
952 430 1110 488 infamiam

96 519 127 574 et
149 515 293 574 dedecora
315 518 347 573 in
365 517 450 575 vario
469 535 574 594 genere
593 516 777 594 flagitiorum
794 518 941 592 plurimae
961 507 1122 578 orationes

97 604 247 663 Ciceronis
270 606 331 663 iam
353 607 426 664 nota
449 608 479 663 et
502 605 659 683 invulgata
681 606 822 664 fecerunt.

69 715 81 755 e
163 692 230 761 Qui
252 695 369 752 omnia
392 696 527 752 sororis
551 693 706 754 embolia
728 697 838 754 novit.

164 780 311 857 Clodiam,
348 784 480 860 generis¹
501 784 623 858 patricii
654 785 809 858 feminam,
846 801 976 844 sororem
1012 785 1109 860 huius,

97 889 163 929 cum
195 891 254 946 qua
286 874 316 929 et
347 873 411 946 ipse
438 873 560 931 infamis
590 876 667 946 erat,
699 875 812 932 veteres
839 873 958 932 litterae
985 873 1110 932 tradunt

96 961 261 1018 studiosam
284 961 376 1019 fnisse
399 961 531 1019 saltandi
553 962 703 1036 profusius
728 963 758 1019 et
780 961 995 1021 inmoderatius
1019 982 1110 1038 quam

96 1052 264 1107 matronam
287 1049 410 1110 deceret.
447 1048 512 1109 Hoc
535 1051 615 1107 enim
638 1049 824 1128 significatur
846 1053 904 1110 isto
928 1050 1027 1125 verbo,
1050 1069 1108 1127 quo

56 1160 82 1199 ro
96 1140 153 1196 ait:
185 1139 283 1196 comio
314 1140 423 1197 sorores
454 1138 576 1197 ambedo
602 1141 693 1207 coeit,
726 1141 867 1214 quoniam
893 1141 1044 1215 pertinent
1071 1140 1109 1199 ad

98 1229 199 1304 gestus
223 1227 404 1286 saltatorios,

161 1315 225 1373 Vix
249 1318 354 1375 vivus
378 1317 522 1394 effugit.

160 1404 206 1462 Ea
229 1405 344 1463 scilicet
366 1405 429 1479 die,
452 1424 512 1480 qua
535 1408 702 1480 spectatum
725 1408 848 1464 venerat
870 1407 956 1466 ludos
979 1403 1108 1465 Honoris

95 1493 335 1568 atqueVirtutia,
358 1495 411 1569 qui
433 1493 659 1553 celebrabantur
676 1495 709 1552 in
727 1497 900 1553 memoriam
919 1499 950 1553 et
967 1495 1109 1555 honorem

55 1602 81 1643 re
97 1580 126 1640 C.
146 1582 248 1656 Marii,
277 1603 295 1641 a
322 1600 381 1658 quo
408 1601 455 1641 res
478 1582 556 1641 bello
581 1582 728 1641 Cimbrico
752 1584 880 1642 feliciter
907 1586 1007 1661 gestae
1031 1587 1108 1642 sunt,

95 1670 193 1729 Isdem
223 1671 302 1730 ludis
333 1673 425 1730 etiam
454 1673 581 1747 populus
609 1672 754 1749 dignitati
781 1671 931 1731 Ciceronis
956 1672 995 1730 ad
1023 1674 1108 1732 resti·

94 1761 242 1818 tutionem
265 1760 444 1837 suffragatus
469 1763 521 1818 est.

161 1848 409 1907 Lacrimantes
434 1849 574 1926 gaudio.
952 1925 953 1928 Ἴ
1127 1853 1212 1914 5117.

162 1936 403 1997 Celebratissima
430 1938 551 1996 Terenti
583 1939 688 1996 comici
720 1938 792 1996 haec
824 1940 974 1997 sententia
1001 1942 1047 1997 est
1074 1958 1108 1997 ex

55 2047 81 2086 rc
94 2044 220 2100 persona
247 2029 342 2103 patris
376 2027 411 2085 de
443 2025 500 2084 filii
526 2028 575 2085 sui
606 2028 790 2085 continentia
822 2029 1017 2105 gratulantis,
1049 2029 1109 2086 nisi

95 2116 193 2189 fallor,
216 2116 323 2174 iisdem
345 2114 457 2174 verbis:
480 2116 618 2174 Lcerc'mo
639 2117 757 2190 quode.

160 2204 248 2262 Nam
271 2223 347 2263 cum
370 2207 539 2282 ageretur
560 2207 694 2282 togata.
1126 2207 1211 2268 §ns

160 2293 280 2351 Afranii
311 2295 434 2352 scilicet.
493 2291 556 2362 Quo
588 2295 621 2351 in
652 2296 784 2369 tempore
816 2295 963 2372 gloriatur
989 2297 1107 2352 tantum

94 2382 199 2455 populi
216 2383 308 2441 fin'sse
322 2401 505 2456 consensum,
524 2384 558 2440 ut
576 2385 607 2441 et
624 2382 777 2441 maledicis
792 2382 912 2443 vocibus
926 2378 1107 2461 (Clodium)

54 2490 80 2529 ao
94 2471 290 2529 insectaretur
313 2475 344 2530 et
364 2475 468 2531 votum
496 2491 583 2530 suum
606 2472 642 2529 de
664 2469 813 2530 Ciceronis
832 2472 930 2530 reditu
953 2473 1104 2530 fateretur.

160 2559 205 2618 Et
223 2579 354 2635 quaeso
372 2561 437 2620 hoc
459 2562 496 2618 in
516 2562 607 2635 loco,
629 2561 781 2635 iudices,
804 2581 845 2619 ne
864 2580 932 2637 qua
951 2561 1105 2620 levitate
1125 2563 1211 2623 5119.

94 2667 144 2705 me
190 2648 334 2707 ductum
379 2650 422 2708 ad
465 2650 656 2709 insolitum
697 2668 805 2726 genus
847 2649 990 2707 dicendi
1030 2648 1107 2707 labi

93 2739 242 2810 putetis.

161 2929 176 2974 2
204 2925 339 2991 imprimis
357 2922 387 2974 in
406 2922 534 2976 Clodium
553 2925 581 2975 et
600 2921 747 2975 Curionem
765 2928 790 2976 et
807 2939 858 2990 pro
877 2921 989 2975 Milone.

162 2999 176 3045 7
205 2993 270 3046 Sall.
291 2992 349 3047 Cat.
370 2997 447 3059 25‚2
467 2992 651 3062 (Sempronia)
675 2992 795 3061 psallere
819 2994 848 3046 et
871 2992 974 3046 saltare
994 2992 1105 3061 elegan-

93 3065 158 3131 tius,
178 3082 264 3132 quam
281 3080 393 3118 necesse
412 3066 455 3117 eet
472 3064 585 3133 probae.

161 3143 192 3189 21
213 3136 273 3190 Ter.
293 3135 438 3205 Adelphoe
457 3139 509 3188 409
523 3135 571 3202 (Ill
590 3141 615 3203 3,
630 3137 683 3204 55).

161 3338 176 3384 r
203 3333 266 3402 ipsa
289 3333 376 3387 naam
459 3336 474 3384 e
503 3296 688 3404 eeceedner
767 3337 800 3384 14
828 3329 1017 3413 celebrantur·
1031 3331 1104 3398 omo,

92 3420 160 3458 corr.
175 3403 208 3459 St
251 3403 404 3458 memoriae
421 3402 555 3456 honorem
574 3405 603 3456 et
622 3403 651 3470 O,
669 3419 737 3457 corr.
752 3419 794 3456 mo
868 3407 900 3456 19
920 3417 1027 3454 comen
1040 3403 1067 3452 C

93 3474 228 3531 sentiae
315 3480 347 3528 21
367 3474 520 3544 gaudeoo
607 3480 643 3529 24
659 3472 870 3528 malediciraC
947 3462 1136 3537 auxonam}

95 3545 133 3600 Or
204 3551 238 3599 26
261 3545 291 3599 in
309 3563 360 3601 om.
379 3547 456 3603 codd.
473 3548 530 3607 Cic.

937 3617 989 3671 πιή-
