2460 3816
489 183 561 254 ino
582 200 720 254 AitcfflA
743 207 758 266 s
778 207 802 254 r.
1089 201 1151 264 159

141 389 196 428 nus
225 372 255 428 et
278 369 373 429 Carbo
401 386 457 428 cos.
481 369 577 446 legem
604 370 750 444 tulemmt,
777 371 813 427 ut
840 370 953 444 omnes,
980 371 1153 445 quiessent

141 471 176 517 ex
199 459 358 518 foederatis
381 458 509 533 populis,
533 459 687 517 civitatem
708 457 874 518 Romanam
897 460 1152 534 consequerentur,

141 549 167 606 si
190 548 276 607 modo
299 548 353 606 illo
376 548 521 622 tempore,
549 564 607 622 quo
634 547 682 606 lex
708 547 772 605 lata
795 549 884 620 esset,
914 546 1099 606 domicilium
1120 549 1153 605 in

140 636 231 694 Italia
253 636 396 694 haberent
418 638 448 694 et
469 636 551 694 intra
571 635 651 694 diem
673 637 909 713 sexagensimum
931 637 1058 711 professi
1081 639 1154 711 aput

114 727 308 801 apraetorem
340 725 474 783 fuissent.
525 724 606 794 Quae
639 742 706 782 eum
732 723 850 784 Licinio
876 723 1004 783 Archiae
1037 723 1074 783 ad
1102 741 1153 800 op·

140 814 295 871 tinendum
335 815 382 872 ius
428 814 560 872 civitatis
603 813 754 872 Romanae
795 815 970 890 argumenta
1010 813 1153 886 deessent,

142 904 283 978 quoniam
305 921 400 977 neque
422 901 534 961 tabulis
552 901 790 960 Heracliensium
812 901 939 978 probare
961 903 1079 978 poterat
1103 902 1153 960 ad·
1179 966 1180 971 η

141 991 284 1049 scribtum
303 1009 333 1050 se
351 993 384 1048 in
403 990 536 1050 ordinem
554 992 673 1065 civium,
692 993 802 1067 quippe
823 990 1006 1049 tabularium
1020 992 1151 1049 civitatis

141 1080 223 1138 illius
248 1081 397 1138 exarserat
423 1078 501 1138 bello
525 1080 641 1154 sociali,
669 1099 763 1156 neque
790 1080 868 1139 bona
895 1098 950 1138 sua
976 1081 1009 1137 in
1034 1097 1154 1138 censum

101 1189 126 1228 ro
141 1168 297 1242 detulerat,
319 1186 386 1227 reus
410 1169 506 1227 factus
529 1168 594 1246 lege
616 1168 720 1244 Papia,
743 1187 819 1244 quae
841 1169 904 1227 lata
926 1168 1025 1226 fuerat
1047 1167 1086 1226 ad
1104 1186 1153 1228 eos

142 1257 329 1331 coercendos,
366 1258 418 1332 qui
453 1259 564 1316 temere
595 1259 626 1315 et
656 1258 771 1315 inlicite
804 1258 957 1316 civitatem
988 1257 1153 1316 Romanam

140 1348 341 1422 usurpassent.
378 1345 429 1404 Fit
447 1363 517 1424 ergo
536 1347 671 1422 quaestio
690 1347 906 1420 coniecturalis,
930 1365 969 1404 an
987 1346 1153 1405 adscribtus

141 1437 181 1493 sit
207 1437 240 1493 in
267 1435 401 1494 ordinem
423 1434 660 1494 Heracliensium
688 1438 718 1493 et
741 1454 779 1493 an
802 1436 906 1493 fecerit
933 1436 1045 1510 omnia,
1077 1453 1153 1511 quac

141 1525 167 1583 is
190 1525 287 1582 facere
309 1523 456 1599 debuerit,
484 1526 537 1600 qui
559 1526 637 1583 esset
659 1543 674 1582 e
697 1542 818 1583 numero
842 1522 1068 1582 foederatorum.
1114 1523 1154 1581 Et

101 1629 127 1670 15
142 1611 277 1692 deficitur
308 1613 428 1688 quidem
454 1614 557 1672 multis
585 1612 823 1689 probationibus,
855 1613 1026 1671 testimonio
1053 1614 1154 1671 tamen

141 1700 378 1760 Heracliensium
415 1704 445 1760 et
480 1702 528 1761 vel
564 1703 708 1774 maxime,
748 1700 854 1776 quibus
891 1703 956 1759 tota
993 1702 1154 1776 occupatur
1216 1774 1218 1778 λ

142 1791 246 1863 oratio,
264 1793 398 1865 poeticae
416 1791 619 1848 facultatis'et
637 1789 788 1849 doctrinae
806 1789 1036 1848 iucundissimae
1056 1791 1154 1867 gratia

141 1879 256 1934 nititur.
294 1878 349 1936 Est
367 1879 458 1936 etiam
477 1881 586 1937 omissa
605 1879 773 1937 coniectura
792 1877 968 1953 disceptatio
986 1879 1154 1954 peripsam

142 1966 319 2040 qualitatem
336 1983 488 2041 personae,
509 1961 591 2044 <au>
610 1968 683 2026 civis
706 1966 856 2025 Romanus
880 1966 985 2025 debeat
1007 1966 1153 2043 adoptari,

101 2073 127 2112 ao
142 2055 260 2112 etiamsi
282 2055 315 2111 in
337 2056 531 2130 praeteritum
553 2073 612 2114 non
635 2056 675 2114 sit
698 2054 836 2114 adscitus.

526 2193 774 2257 EXPldNleO.

210 2302 292 2361 Cum
314 2322 369 2362 res
393 2305 523 2380 agatur
545 2305 632 2379 aput
654 2305 856 2380 praetorem
878 2323 907 2379 p.
927 2304 970 2378 R,
993 2305 1152 2363 lectissi·
1172 2309 1187 2368 ἓ
1207 2308 1222 2354 3

141 2411 231 2449 mum
254 2394 377 2451 virum.

207 2480 293 2539 Hanc
325 2483 404 2540 enim
436 2498 556 2540 causam
587 2483 652 2560 lege
679 2482 775 2558 Papia
806 2482 841 2540 de
869 2483 991 2541 civitate
1018 2482 1152 2541 Romana

101 2585 127 2625 aa
143 2571 215 2644 aput
238 2569 271 2639 Q.
292 2567 461 2631 Ciceronem
483 2571 560 2628 dixit
581 2570 720 2645 Archias,
748 2572 836 2631 huius
858 2571 897 2631 M.
918 2572 999 2631 Tulli
1021 2572 1151 2630 fratrem.

142 2658 328 2735 Quapropter
355 2661 476 2734 nititur,
507 2679 544 2718 ne
571 2662 669 2719 minus
698 2661 826 2719 civiliter
852 2660 936 2735 loqui
959 2661 1152 2732 existimetur,

141 2746 278 2805 recedens
310 2748 450 2806 videlicet
481 2749 669 2822 aliquantum
697 2767 714 2806 a
746 2749 857 2806 forensi
888 2766 994 2825 genere
1026 2746 1151 2804 dicendi.

142 2834 226 2903 Quod
253 2836 353 2910 ipsum
379 2854 416 2893 ne
443 2853 497 2910 pro
524 2837 626 2911 inepto
656 2838 832 2911 accipiatur,
863 2837 926 2893 iam
947 2835 1153 2910 praeloquitur

142 2922 269 2981 amodo
292 2924 457 2998 praesentis
485 2941 590 2982 causae
617 2942 677 2982 non
704 2923 860 2982 abhorrere
887 2927 917 2981 et
939 2934 1082 2999 personae
1104 2925 1151 2982 vel

101 3029 128 3069 ac
142 3012 278 3085 maxime,
300 3029 354 3086 pro
378 3030 437 3087 qua
460 3011 617 3070 dicendum
640 3015 725 3087 esset,
748 3013 911 3071 convenire.

208 3151 224 3199 8
239 3144 363 3213 quippae
378 3145 402 3199 0
468 3150 499 3197 10
514 3144 605 3198 factus
621 3144 706 3218 (est)
716 3162 759 3201 mo
823 3151 854 3199 12
870 3145 1053 3216 quaestiqu
1071 3145 1152 3214 quasi

143 3217 206 3271 Ome
243 3216 449 3271 adscribtumO
502 3221 533 3270 13
549 3217 730 3272 ordinemmo
745 3218 877 3273 eodemO
930 3223 962 3272 18
978 3217 1151 3285 disceptione

143 3288 257 3353 (beorn.
272 3303 315 3342 mo
379 3291 411 3340 19
431 3286 509 3357 (aa)
524 3288 556 3343 St
573 3287 648 3412 (πῖ
662 3305 705 3343 mo
772 3294 806 3342 20
825 3288 953 3342 adsocius
970 3289 998 3354 Ο,
1017 3305 1084 3343 corr.
1095 3290 1151 3343 Leo

141 3358 301 3412 adsociatus
319 3376 369 3413 mo,
434 3364 467 3412 21
488 3361 541 3430 teqe'
552 3402 570 3413 ..
581 3362 623 3412 ΧΡ
762 3365 795 3412 22
815 3362 916 3429 agatur
933 3361 1009 3414 codd.
1021 3361 1075 3415 θέο.
1090 3359 1151 3429 agi-

141 3431 218 3482 tatur
232 3430 269 3484 Oo
283 3429 407 3499 agitetur
419 3448 446 3484 m
481 3429 665 3485 lectissimum
678 3431 754 3486 codd.
766 3431 820 3487 Oia.
833 3431 1020 3485 rectissimum
1031 3432 1094 3485 Cmo

142 3505 175 3553 25
190 3517 273 3568 quem
283 3517 336 3568 pro
350 3499 381 3565 Q.
397 3502 421 3556 0
455 3503 533 3555 cuius
549 3502 572 3558 O
636 3508 670 3556 26
684 3502 869 3572 quiapropter
883 3503 906 3556 (i
920 3502 1020 3554 uuum
1032 3503 1057 3550 Q,
1071 3497 1173 3546 uim

141 3571 382 3642 <deprecatione>
400 3589 443 3628 mo
515 3577 549 3628 29
569 3573 764 3631 adhorrereO
