2460 3816
531 168 546 228 t
566 165 679 216 64-68.
1046 161 1109 225 143

98 332 210 390 fuerint
233 335 406 394 adiumento
430 336 468 394 ad
490 332 711 411 impetrandam
728 329 921 388 aedilitatem.
966 330 1111 390 Necnon

98 424 190 480 etiam
221 440 274 495 per
305 425 361 482 hoc
476 423 509 482 id
544 424 590 482 cst
621 420 823 495 compensatio
854 419 1041 495 implebitur,
1076 422 1111 479 ut

97 511 209 569 iudices
241 531 291 571 reo
324 514 452 571 maxime
484 511 622 590 prodesse
654 510 809 587 patiantur
841 507 880 567 ad
910 509 1111 584 inpunitatem

97 601 261 676 praesentis
284 602 406 661 huiusce
429 601 608 661 discriminis
632 617 667 657 ea
694 596 848 671 beneficia,
876 615 952 673 quae
977 596 1111 657 Ciceroni

71 687 268 765 ipraebuerit
295 691 439 764 exolanti,
470 692 505 748 ut
531 689 655 748 haberet
680 689 713 746 in
739 687 856 762 integro
885 688 980 746 civem
1001 689 1110 763 patria,

98 796 186 854 quem
207 781 381 856 reposceret.
426 778 559 837 Verbum
585 778 641 836 hoc
664 794 781 852 quoque
803 795 864 834 non
890 777 1036 835 incuriose
1060 776 1110 834 ad-

98 868 243 942 notemus,
266 868 347 943 quod
370 867 591 927 debitionem
613 867 755 941 pecuniae
778 864 861 922 dixit.

164 952 327 1015 Gratiam
350 959 468 1015 autem
496 958 543 1029 et,
567 956 628 1030 qui
649 954 775 1028 refert,
802 949 931 1031 <habet
954 956 1001 1028 et,
1029 950 1111 1034 qui>

98 1043 219 1119 habct,
242 1064 281 1104 eo
303 1047 398 1121 ipso,
421 1044 514 1120 quod
536 1043 656 1118 habet,
678 1042 799 1101 refert.

58 1150 83 1188 ιο
163 1131 259 1192 Locus
283 1136 340 1193 etsi
363 1135 508 1211 generalis
532 1133 568 1191 de
595 1133 689 1190 animi
715 1132 872 1209 religiono,
900 1132 953 1208 qui
979 1132 1111 1192 debitam

97 1241 151 1297 pro
182 1221 323 1281 beneficio
356 1225 486 1300 gratiam
521 1222 645 1295 referat,
680 1223 782 1279 tamen
818 1239 925 1280 causae
960 1225 1111 1296 praesenti

96 1311 259 1386 plinimum
281 1311 519 1389 patrocinabitur
537 1310 576 1370 ad
593 1312 727 1370 favorem
746 1312 893 1385 copiosius
911 1312 1110 1370 ratiocinante

96 1399 134 1456 M.
155 1400 263 1474 Tullio,
286 1418 340 1459 nec
362 1420 422 1459 non
445 1402 537 1459 etiam
554 1402 640 1458 iuxta
662 1401 821 1475 praecepta
843 1401 1033 1476 sapientium,
1058 1403 1110 1477 qui

97 1490 211 1548 animos
242 1490 431 1567 ingratorum
457 1508 517 1548 non
544 1507 651 1564 parum
678 1486 796 1546 euidam
823 1490 942 1546 crimini
969 1488 1109 1549 obnoxios

56 1592 82 1632 ιι
97 1577 289 1653 arbitrantur,
313 1578 431 1653 quando
455 1580 485 1637 et
507 1577 680 1654 parentibus
703 1578 733 1634 et
756 1577 858 1635 amicis
883 1579 913 1635 et
935 1579 1109 1653 protectori·

95 1665 150 1725 bus
173 1667 278 1726 salutis
302 1669 421 1727 nostrae
443 1668 500 1725 hoo
522 1666 728 1725 testimonium
750 1664 922 1739 debeamus,
948 1660 1025 1744 <ut>
1047 1686 1109 1742 noa,

94 1756 127 1813 in
150 1758 296 1830 quantum
318 1759 425 1832 potest,
448 1758 549 1833 gratos
573 1754 738 1830 adprobare
760 1754 894 1813 velimus.
935 1755 980 1813 De
1003 1756 1109 1815 officiis

95 1844 174 1901 idem
204 1843 255 1904 lib.
284 1845 299 1902 I
331 1847 373 1903 sic
405 1846 462 1902 ait:
495 1843 604 1916 Quodsi
636 1860 683 1910 co,
715 1859 788 1914 qaue
819 1843 928 1902 aiendo
960 1847 1109 1917 cremeris,

95 1934 205 1991 meiere
231 1949 383 2000 mensura,
410 1935 437 1991 si
462 1933 546 1991 mede
567 1932 679 2005 possis,
705 1931 783 1990 iubet
807 1930 927 1992 reddere
953 1934 1109 2004 Hesiodus

56 2021 236 2092 ecquidnam
259 2021 393 2093 beneficio
414 2021 565 2094 provocati
591 2022 686 2094 facere
708 2021 862 2079 debemus?
905 2021 1030 2081 Accedit
1051 2022 1109 2082 huc

97 2109 200 2182 etiam,
233 2109 313 2184 quod
344 2128 437 2187 genus
468 2110 592 2167 maximi
623 2110 755 2168 criminis
785 2111 859 2185 aput
885 2110 990 2170 Persas
1018 2112 1108 2171 fuisse

96 2197 234 2272 traditur,
257 2199 354 2273 siqui
372 2199 519 2257 extitisset
536 2199 681 2276 ingratus,
699 2199 893 2274 meminitque
911 2201 956 2259 rei
973 2200 1108 2259 Xenofon

98 2281 201 2358 Κύρου
228 2281 372 2346 παιδείας
399 2286 476 2346 libro
503 2289 600 2364 primo
628 2287 788 2346 seeundum
814 2288 888 2346 haec
918 2288 1009 2347 verba
1040 2308 1107 2349 con·

98 2373 241 2434 scribens:
265 2421 271 2435 .
288 2420 293 2431 .
310 2420 315 2432 .

57 2460 83 2501 25
426 2445 555 2519 (Desunt
576 2447 620 2505 ΙΙ
632 2447 785 2522 popinae.)

163 2619 197 2669 18
216 2614 271 2669 Cic.
292 2616 328 2670 de
346 2614 392 2671 off.
411 2615 424 2670 I
444 2621 486 2684 15,
499 2622 542 2670 48.

163 2692 196 2740 23
215 2686 284 2741 Xen.
301 2689 390 2755 Κύρου
409 2691 483 2743 παιδ.
498 2687 511 2740 Ι
525 2692 576 2754 2,’1
601 2689 738 2744 δικάζοντι
761 2690 791 2741 δέ
814 2692 859 2742 καὶ
883 2689 1055 2755 ἐγκλήματα(
1073 2691 1106 2743 οὗ

96 2759 177 2811 ἕνεκα
187 2759 330 2825 ἄνθρωποι
345 2764 448 2823 μιτοθτι
459 2761 508 2824 μὲν
518 2759 654 2825 ἀλλήλοοτ
664 2760 785 2826 μάλιττα,
796 2760 953 2814 δικάζονται
963 2762 993 2812 δὲ
1001 2762 1106 2828 ἥκιττα,

96 2828 260 2895 ἀχαριττίατ,
280 2832 325 2882 καὶ
344 2831 376 2882 δν
396 2831 430 2882 ἂν
442 2835 528 2894 γνῶτι
546 2831 702 2894 δυνάμενον
717 2831 766 2894 μὲν
784 2830 864 2896 χάριν
878 2831 1050 2898 ἀποδιδόναι,
1070 2833 1106 2898 μὴ

96 2900 265 2953 ἀποδιδόντα
285 2901 323 2966 δέ,
343 2901 486 2955 κολάζοντι
507 2903 552 2953 καὶ
569 2906 673 2954 τουτον
692 2900 814 2966 ἰτχορῶτ,
846 2900 952 2954 οἴονται
968 2902 1023 2967 γὰρ
1041 2904 1108 2956 τοὺ(

96 2970 260 3036 ἀχαρίττουτ
279 2973 324 3023 καὶ
342 2974 405 3037 περὶ
423 2973 504 3024 θεοὺτ
524 2972 558 3024 ἂν
573 2973 686 3035 μάλιττα
706 2972 813 3036 ἀμελῶ(
832 2973 964 3037 ἔχεινκαὶ
981 2976 1043 3040 περὶ
1060 2991 1107 3039 γο-

97 3042 162 3094 νέατ
181 3044 226 3094 καὶ
244 3041 364 3107 πατρίδα
383 3044 428 3094 καὶ
446 3041 552 3108 φίλουτ.

164 3187 177 3233 1
197 3181 284 3236 fuerit
298 3182 322 3236 G
391 3187 407 3235 2
427 3183 475 3236 loc.
491 3187 569 3237 acm.
580 3209 614 3228 =
630 3187 647 3237 9
662 3185 713 3238 litt.
732 3183 883 3239 ἀντίττατιτ
900 3184 989 3253 suppl.
999 3186 1041 3255 Zp

95 3258 112 3305 8
126 3251 235 3323 <habet
244 3254 273 3306 at
283 3251 353 3325 qni>
363 3253 438 3307 cedd.
447 3254 500 3308 Cic.
560 3259 576 3307 9
590 3253 620 3306 in
635 3270 667 3308 eo
681 3253 818 3310 eoduma
879 3261 912 3308 12
925 3255 1107 3309 ratiocinanti

97 3324 169 3389 Ome,
183 3323 293 3379 coraSt
364 3329 397 3378 16
416 3323 491 3397 (ut)
504 3341 548 3380 me
620 3330 653 3379 17
667 3325 841 3382 velimusmo
858 3326 1038 3394 possimusG

97 3399 129 3447 18
148 3395 284 3464 distinqui
295 3411 352 3450 uon
361 3402 564 3465 potestatium
580 3397 595 3449 t·
609 3413 649 3451 aa
664 3398 693 3450 ΙΙ·
710 3398 734 3452 0
748 3400 885 3466 sorpserit
951 3402 983 3451 19
998 3397 1108 3452 iuberet

97 3464 120 3519 0
189 3470 223 3517 23
243 3466 332 3532 Κύρου
350 3468 476 3522 παιδεία(
493 3468 582 3536 suppl.
596 3483 640 3523 mo
657 3469 690 3522 in
703 3469 756 3523 tec.
771 3468 940 3541 5¹1,cm.=
951 3468 1064 3517 mitt·

96 3541 129 3588 ²4
149 3536 198 3589 last
209 3535 258 3606 5¹li
270 3553 317 3591 &m-
330 3538 448 3608 wita.
498 3557 541 3596 mo
556 3540 649 3596 tooure
663 3557 698 3596 cuc
707 3539 901 3608 Xcuopboum
910 3523 1155 3601 patrocinatam
