2460 3816
120 149 162 213 28
373 149 413 202 ΙΝ
436 147 599 210 CLODIUM
621 148 668 202 ET
692 147 890 203 CURIONEM.
996 182 999 186 Α

124 318 269 376 auxilium
291 318 434 394 petierint
458 319 488 375 et
510 318 585 394 aput
603 318 768 391 sequestres
787 316 909 375 idoneos
928 316 1014 374 illam
1032 316 1142 392 deponi

121 407 280 482 pecuniam
307 406 471 480 voluerint,
503 425 540 464 ne
567 405 784 465 frustrarentur
812 423 846 462 ea
874 422 939 480 spe,
972 423 1062 479 quam
1089 423 1141 464 reo

121 497 289 571 paciscente
317 495 566 570 praesumserant.
613 493 653 552 Et
679 495 734 553 has
757 512 828 571 ergo
856 494 1033 567 sententias,
1065 512 1142 568 quae

121 583 300 642 videbantur
329 581 433 642 Clodio
462 582 578 658 aliquid
604 583 771 641 honestatis
801 580 970 656 adquirere,
1002 583 1035 640 in
1061 584 1141 640 vitu-

121 673 307 749 perationem
330 673 487 745 eonvertit,
510 672 545 729 ut
567 689 637 747 pars
660 670 792 729 iudicum
815 670 966 729 damnarit
985 671 1140 745 incestum,
1169 689 1182 729 5

121 779 191 837 pars
214 779 284 819 uero
308 762 460 836 priuatum
482 760 599 818 lucrum
617 760 823 835 praeposuerit
845 759 992 837 religioni.
1030 759 1071 817 llt
1092 759 1142 816 hic

122 848 293 908 subest...
312 850 479 924 postulasse
501 848 613 908 iudices
637 847 674 906 ab
696 850 801 907 senatu
819 848 1010 923 praesidium,
1029 866 1089 905 non
1108 851 1143 905 ut

121 939 241 997 fortiter
264 940 295 996 et
321 938 414 996 libere
441 937 623 1011 iudicarent,
650 937 701 996 sed
728 956 766 994 ne
792 937 878 995 illam
905 935 963 994 sibi
985 937 1143 1012 pecuniam

122 1045 189 1086 reus
214 1027 367 1086 absolutus
391 1027 526 1102 eriperet.

24 1106 130 1232 Frffi
191 1115 398 1174 Divertium
421 1115 615 1190 pontificis
640 1114 794 1172 maximi.
1157 1130 1183 1170 rc

15 1176 67 1231 XX
190 1204 408 1263 Praetexuntur
445 1206 634 1281 argumenta,
672 1202 779 1277 quibus
810 1204 957 1260 incestum
988 1201 1020 1262 P.
1045 1200 1143 1260 Clodii

122 1293 256 1368 potuerit
274 1293 416 1351 facillime
435 1291 565 1368 probari,
583 1293 643 1351 nisi
660 1293 787 1367 pecunia
804 1292 1026 1350 intercessisset.
1063 1288 1143 1348 Nam

124 1380 154 1442 C.
171 1380 280 1440 Caesar
302 1382 438 1457 pontifex
462 1380 564 1440 diebus
583 1381 644 1440 illis
663 1380 838 1455 repudiarat
856 1397 990 1453 uxorem,
1014 1379 1143 1437 feminae

125 1489 256 1545 quoque,
289 1488 364 1544 quae
396 1470 444 1528 illi
476 1469 621 1528 sacn‘fieio
653 1469 867 1543 interfuerant,
903 1468 939 1527 de
971 1469 1143 1526 interventu

123 1560 207 1618 virili
228 1551 435 1618 testimonium
463 1558 613 1632 dixerant3
640 1559 720 1617 servi
743 1559 848 1631 etiam,
876 1575 944 1616 cum
970 1558 1143 1632 peterentur
1158 1573 1184 1613 15

123 1649 156 1704 in
181 1649 393 1722 quaestionem,
418 1648 542 1706 alienati
565 1647 685 1705 fuerant
708 1648 739 1704 et
760 1648 793 1704 in
816 1646 949 1705 diversas
972 1646 1143 1720 provincias

125 1734 162 1794 ab
186 1736 305 1796 domino
329 1737 426 1796 missi:
455 1737 586 1811 quinque
610 1737 721 1793 etenim
743 1736 835 1808 servi,
862 1736 895 1792 in
919 1752 992 1809 quos
1015 1734 1144 1792 maxime

125 1826 255 1900 suspicio
279 1824 474 1903 congruebat,
502 1825 614 1901 partim
637 1825 722 1882 missi
745 1826 815 1882 sunt
838 1823 877 1882 ad
898 1821 1033 1899 Appium
1056 1820 1143 1880 Clau·

125 1913 221 1987 dium,
258 1915 310 1989 qui
346 1915 441 1972 frater
477 1913 609 1972 eiusdem
645 1913 745 1970 fuerat
780 1914 811 1970 et
846 1913 879 1968 in
916 1910 1041 1970 Graecia
1072 1914 1144 1969 tunc

126 2002 246 2079 agebat,
279 2004 391 2078 partim
418 2002 457 2060 ad
483 2003 608 2061 vilicum
630 2000 795 2078 Diogenem
822 2002 951 2074 nomine,
984 2001 1036 2074 qui
1058 2002 1185 2058 transeo

125 2090 212 2166 Alpis
245 2090 425 2150 morabatur.
476 2090 539 2148 Nec
566 2109 626 2148 non
659 2090 751 2147 etiam
780 2089 908 2147 ancillae
934 2090 967 2146 in
994 2090 1144 2147 tormenta

126 2182 197 2238 sunt
225 2181 408 2254 postulatae,
437 2198 513 2253 quae
540 2179 693 2254 propiores
721 2179 888 2236 ministerio
916 2178 1036 2236 fuerant
1057 2176 1144 2235 Pom-

126 2269 224 2343 peiae,
253 2270 352 2328 uxoris
382 2267 525 2326 Caesaris.
581 2265 714 2335 Quarum
747 2267 807 2325 fuit
839 2285 855 2324 e
886 2284 1008 2324 numero
1041 2264 1146 2324 Habra

128 2356 274 2431 quaedam
301 2359 433 2430 nomine,
462 2357 545 2414 cuius
572 2357 605 2413 in
628 2356 734 2413 cellam
765 2354 798 2412 P.
828 2353 947 2414 Clodius
977 2355 1145 2432 confugIsse

128 2445 316 2522 arguebatur.
353 2445 398 2503 De
422 2447 547 2520 stupro
571 2446 672 2503 autem
695 2444 874 2502 scelerato
899 2443 979 2518 quod
997 2444 1050 2516 ait,
1068 2442 1144 2500 illud
1159 2458 1186 2498 rs

127 2533 247 2592 videtur
268 2535 416 2592 incestum
443 2532 623 2611 significare,
651 2534 734 2591 cuius
762 2532 889 2589 infamia
912 2533 991 2590 circa
1014 2549 1145 2590 sororem

129 2620 265 2681 Clodiam
287 2621 526 2700 pervolgabatur.

20 2701 112 2770 Frgm.
196 2710 374 2780 Quattuor
405 2711 475 2769 tibi
508 2710 712 2770 sententias
745 2709 841 2768 solas
875 2708 917 2766 ad
948 2710 1145 2783 perniciem

128 2800 349 2964 defllldessqeuam
367 2889 477 2947 habeat
496 2887 617 2946 Clodius
636 2887 789 2946 absolutus
808 2887 996 2944 innocentiae
1015 2886 1144 2963 dignita·
1159 2902 1188 2941 so

127 2980 197 3052 tem,
229 2979 311 3036 facta
343 2979 566 3052 comparatione
595 2977 712 3034 numeri
742 2975 872 3034 ostendit
901 2994 994 3050 prope
1022 2974 1145 3033 eandem

127 3068 296 3140 portionem
323 3067 428 3140 fuisse,
452 3085 528 3140 quae
551 3065 702 3123 damnarit
724 3066 884 3138 incestum,
914 3082 968 3122 nec
994 3065 1042 3122 illi
1069 3065 1145 3121 inte-

196 3233 378 3286 bincaestum
390 3234 413 3288 C
466 3233 660 3304 scaea-est,
668 3251 756 3288 cm.=
768 3232 1109 3301 13litt.uupuupocboutu?

130 3310 161 3357 11
189 3305 389 3375 *accessu-l
464 3310 496 3357 12
520 3306 652 3372 potuerat
670 3305 702 3359 st
774 3309 806 3357 19
831 3304 956 3358 eiusdem
978 3304 1012 3357 de
1034 3303 1147 3358 Ceius-

129 3375 193 3429 dem
209 3375 239 3428 P.
258 3392 301 3429 mo
382 3381 415 3428 22
435 3376 637 3444 proprioresC
715 3381 749 3428 23
772 3375 878 3428 Hibera
898 3376 975 3442 Cmo,
994 3391 1061 3428 corr.
1078 3374 1148 3427 Nie-

129 3447 554 3502 euureou.1>utaruucaes.x.
620 3445 797 3500 eccleciae
858 3434 1086 3502 eouesorurll

125 3519 363 3572 321'ncaestum0
408 3535 445 3572 ne
465 3519 531 3573 Mei
549 3518 647 3573 Schelle
