2460 3816
123 184 186 249 146
502 183 574 239 PRO
597 183 753 239 PLANCIO

123 351 222 413 autem
257 352 376 412 libellus
412 352 543 411 eiusdem
577 350 739 427 Ciceronis,
779 354 831 428 qui
866 353 911 411 ita
946 352 1135 412 inscribitur:

121 443 288 500 Edictum
323 440 427 499 Lucii
462 441 599 500 Racilii
634 440 775 500 tribuni
810 441 922 517 plebi,
964 441 1043 517 quod
1080 442 1135 501 sub

93 532 240 590 ‘nomine
262 531 357 607 ipsius
382 528 483 588 Cicero
506 531 627 604 scripsit
648 531 682 588 in
703 531 901 588 invectionem
924 530 956 588 P.
977 529 1069 591 clodi.

24 626 42 688 s
60 623 108 675 is:

24 1593 106 1662 §aa

187 619 256 678 Illo
276 618 305 677 S.
322 617 352 677 G.
367 618 459 694 quod
481 620 518 677 in
540 620 766 677 monumento
785 619 893 677 Marii
915 620 1051 677 factum
1070 622 1133 680 est.

188 707 358 785 intemplo
382 708 496 766 seilicet
517 707 648 766 Honoris
672 709 702 766 et
723 707 868 781 Virtutis,
897 709 1011 783 inquo
1035 710 1135 767 aetum
1165 727 1179 766 s

122 799 253 874 primum
275 797 394 856 videtur
415 797 452 854 de
475 797 664 855 restitutione
688 794 846 855 Ciceronis.

189 886 261 956 Quo
307 885 449 961 quidem
490 886 599 944 etiam
638 887 752 963 magis
793 903 868 944 sum
908 905 976 944 non
1019 885 1136 944 dicam

122 976 230 1034 miser
264 1004 301 1014 -
340 992 421 1032 nam
455 973 520 1033 hoc
557 973 700 1049 quidem
736 973 907 1033 abhorret
943 992 961 1032 a
996 975 1136 1032 virtute

122 1063 267 1123 verbum
293 1093 330 1103 —
357 1062 417 1122 sed
441 1065 537 1120 certe
560 1063 748 1122 exercitus.

132 1197 134 1201 .
190 1197 240 1212 ...
263 1151 349 1211 Hanc
372 1153 551 1210 sententiam
573 1151 735 1210 seeundum
757 1152 826 1210 illos
844 1150 1004 1227 filosophos
1022 1151 1136 1226 intulit,
1151 1170 1179 1210 ro

123 1242 175 1316 qui
196 1241 441 1300 existimaverunt
458 1258 573 1316 semper
590 1239 693 1299 beatos
712 1258 775 1299 esse
793 1242 950 1316 sapienter,
973 1259 1137 1316 numquam

125 1324 210 1408 [non]
230 1330 353 1388 miseros
373 1328 584 1388 existimandos
604 1347 651 1403 ac,
670 1330 697 1387 si
715 1329 787 1404 quid
805 1329 922 1388 adversi
940 1328 1136 1405 prudentibus

123 1420 262 1491 eveniret,
285 1437 345 1476 non
366 1436 494 1494 poenam
515 1419 612 1495 magis
636 1419 666 1476 et
688 1419 892 1476 calamitatem
914 1437 1005 1493 quam
1027 1418 1136 1476 exerci-

123 1509 269 1565 tationem
292 1524 355 1565 esse
378 1507 523 1565 fortunae.

134 1615 151 1640 .·
190 1595 257 1653 Hic
302 1597 412 1654 etiam
453 1594 632 1654 addidisti
672 1614 724 1653 me
764 1596 901 1654 idcirco
942 1613 1017 1654 mea
1057 1595 1179 1672 legera

124 1684 235 1742 exilio
267 1683 439 1742 ambitum
471 1685 646 1759 sanxisse,
678 1685 717 1742 ut
745 1683 1033 1742 miserabiliores
1061 1685 1137 1760 epi-

125 1774 226 1850 logos
249 1790 388 1848 possem
411 1772 537 1831 dicere.

187 1861 281 1919 Varia
312 1862 503 1920 cavillatione
533 1860 702 1920 Laterensis
739 1863 909 1919 exercuerat
944 1860 1137 1936 asperitatem

124 1950 270 2009 stomachi
297 1951 344 2008 sui
370 1951 402 2008 in
428 1949 468 2006 M.
492 1950 637 2023 Tullium,
664 1951 699 2007 ut
726 1951 817 2008 etiam
844 1969 892 2023 ea,
920 1949 1026 2025 quibus
1053 1951 1137 2009 illius

124 2040 220 2098 oratio
256 2039 384 2096 maxime
420 2037 534 2111 floruit,
571 2039 686 2096 elevare
805 2041 1014 2115 perseveraret.
1073 2039 1136 2098 Neo
1151 2056 1179 2095 ao

123 2129 294 2205 ignoramus
332 2128 451 2185 auctore
488 2128 553 2202 ipso
588 2125 726 2186 Cicerone
763 2130 793 2186 et
831 2126 860 2186 0.
888 2126 1019 2186 Antonio
1057 2145 1136 2186 cons.

123 2217 220 2293 legem
256 2217 432 2274 severiorem
464 2215 500 2273 de
531 2215 680 2290 puniendo
713 2216 828 2275 ambitu
860 2218 1015 2291 scriptam,
1052 2216 1136 2274 euius

124 2305 261 2362 meminit
287 2323 341 2379 pro
364 2303 501 2378 Murena,
532 2323 602 2361 nam
635 2305 807 2364 clementior
839 2306 1027 2380 aliquatenus
1054 2305 1136 2364 vide·

123 2393 212 2450 batur
248 2392 296 2450 lex
331 2393 423 2450 fuisse
456 2391 625 2467 Calpurnia.
680 2393 759 2452 Hinc
795 2412 864 2471 ergo
900 2395 1054 2452 mutuatus
1091 2395 1137 2452 est

125 2481 362 2540 occasiunculam
389 2481 539 2556 quandam
567 2483 696 2541 amarius
724 2482 901 2555 lacessendi,
929 2485 963 2541 ut
985 2483 1137 2542 videretur
1152 2499 1178 2538 25

125 2570 301 2628 atrociorem
322 2587 449 2645 poenam
467 2572 624 2645 eapropter
642 2572 781 2630 adversus
801 2572 946 2629 ambitum
965 2570 1136 2643 decrevisse,

124 2660 159 2717 ut
194 2677 248 2734 pro
284 2660 343 2718 reis
380 2659 474 2718 multo
506 2659 692 2718 lacrimosius
724 2662 884 2735 peroraret.
938 2659 1007 2718 Non
1037 2661 1136 2718 minus

124 2750 225 2807 tamen
242 2747 353 2806 urbane
372 2750 402 2806 et
419 2750 483 2824 ipse
497 2748 655 2823 respondet
668 2749 811 2807 denotans
830 2750 954 2806 nimiam
966 2747 1137 2807 Laterensis

125 2839 155 2896 et
168 2837 385 2896 inmoderatam
399 2839 628 2897 contumeliosae
638 2836 780 2896 audaciae
788 2838 989 2896 insulsitatem
999 2837 1136 2896 dicendo:

124 2925 181 2985 Sed
203 2927 272 2986 lrcee
293 2929 387 2986 nescio
410 2928 548 2999 quoewdo
571 2927 733 2999 frequenter
754 2929 787 2985 ie
804 2945 849 2986 me
868 2927 1031 3000 eccpessc‘ste'
1053 2940 1137 2985 scne-
1151 2943 1179 2981 eo

193 3100 225 3147 23
246 3094 300 3148 Cic.
320 3111 370 3162 pro
389 3094 506 3147 Murena
525 3099 549 3160 3,
569 3101 592 3148 5.
623 3101 664 3160 32,
685 3100 725 3148 67.

193 3166 478 3233 Qffwpmi

193 3346 209 3392 3
227 3340 372 3409 inscripsit
386 3342 457 3408 Ome,
472 3358 539 3396 cerr.
553 3343 730 3410 Garumnicis,
745 3343 870 3398 Niebulu
938 3347 971 3395 10
991 3345 1040 3397 loc.
1056 3346 1073 3396 3
1086 3360 1136 3398 em.

126 3439 159 3457 =
175 3417 192 3466 6
206 3413 257 3466 litt.
271 3414 387 3479 γνώμη2
460 3418 493 3466 12
512 3431 568 3467 non
585 3415 701 3469 miseros
722 3415 751 3480 0,
769 3431 836 3468 corr.
853 3415 919 3467 Mai
936 3431 1001 3468 vero
1019 3415 1136 3467 miseros

125 3484 158 3538 St
229 3488 262 3536 20
282 3485 331 3537 loc.
350 3483 518 3556 21l4-l-21l,
539 3503 635 3540 cm.=
656 3491 690 3540 10
709 3487 759 3540 litt.
779 3492 959 3552 cupresseto?
1036 3490 1070 3537 24
1089 3485 1137 3539 hic

112 3554 189 3616 ὤνια,
209 3570 278 3607 οων.
294 3555 331 3610 St
402 3561 438 3611 28
457 3557 627 3614 urbanan
698 3561 731 3610 30
752 3556 954 3610 concessistiO
