2460 3816
146 159 210 224 140
526 157 598 213 PRO
622 157 777 214 PLANCIO
879 152 882 157 ¹

144 327 177 386 id
209 327 364 386 confirmat
394 331 549 403 paratum,
580 331 615 386 ut
646 328 757 387 aediles
790 329 980 400 sortirentur,
1017 327 1160 402 quoniam

145 417 275 476 discerni
296 417 468 476 huiusmodi
489 418 684 494 magistratus
707 418 767 476 nisi
790 419 869 475 sorte
891 435 951 474 non
972 418 1101 492 possent.

50 511 126 572 §55-
215 504 282 564 Gur
327 525 395 564 non
440 506 517 564 eius
560 506 791 565 damnatione
832 504 973 580 aliquid
1014 504 1056 563 ad
1096 505 1161 563 hoc

145 594 321 652 iudicium
348 594 573 670 praeiudicii
596 592 835 670 comparasti?

287 682 399 741 Probat
421 685 521 760 ipsum
544 683 747 742 adversarium
769 683 916 742 iudicasse
939 682 1016 740 nihil
1039 683 1160 740 omnino
1189 703 1202 742 5

79 809 82 817 ·
146 772 323 848 suspicionis
348 790 419 844 esse,
443 771 523 847 quod
544 773 577 830 in
599 772 756 831 Plancium
777 774 879 848 posset
902 771 1013 830 oboriri
1036 790 1071 829 ex
1093 791 1159 846 per-

145 878 218 919 sona
241 862 317 933 eius,
349 862 401 936 qui
424 861 536 919 divisor
562 861 654 920 fuisse
682 860 834 936 videatur,
866 861 1007 936 quoniam
1035 860 1160 919 cundem

144 968 240 1025 neque
268 969 353 1008 reum
375 949 479 1008 fecerit
501 969 596 1025 neque
619 949 714 1008 ullam
735 950 784 1008 vel
806 951 926 1009 tenuem
952 948 1159 1026 probationem

144 1037 252 1096 habere
280 1039 421 1110 adversus
449 1057 516 1096 eum
546 1039 691 1115 potuerit,
723 1057 782 1114 quo
810 1038 950 1097 damnato
978 1039 1041 1096 sine
1069 1037 1159 1096 dubio

144 1129 356 1202 consequenter
378 1128 530 1186 videretur
551 1127 588 1185 de
610 1127 732 1186 Plancio
755 1127 998 1202 praeiudicatum.
1173 1145 1202 1186 ro

56 1220 133 1282 556.
211 1215 429 1285 Quibuscum
450 1235 515 1290 me,
543 1216 694 1290 iudices,
716 1218 936 1294 pugnantem
962 1234 1056 1274 more
1083 1234 1158 1274 meo

143 1305 303 1380 pristino
325 1324 395 1363 non
417 1304 607 1380 videbitis3
630 1324 698 1363 non
722 1324 790 1380 quo
813 1305 901 1363 mihi
919 1305 973 1364 fas
992 1305 1041 1363 sit
1060 1305 1159 1378 quic-

144 1412 248 1468 quam
271 1392 453 1471 defugere,
477 1393 570 1469 quod
593 1395 690 1453 salus
713 1393 857 1452 Plancii
879 1394 1050 1467 postulet.

209 1482 366 1559 Pigmento
395 1483 525 1558 quodam
551 1483 745 1542 verecundiae
774 1482 905 1541 declinat
936 1501 1001 1540 eam
1032 1483 1159 1558 partem,

144 1589 220 1646 quac
243 1570 429 1631 difficultatis
454 1572 568 1646 aliquid
586 1571 694 1630 habere
713 1571 851 1630 videatur
869 1570 1009 1630 adversus
1029 1589 1158 1645 quorun·
1174 1588 1201 1629 rs

144 1658 212 1717 dam
235 1661 407 1719 testimonia
430 1660 569 1719 contendi
596 1663 627 1718 et
649 1679 709 1718 non
732 1661 795 1719 sine
820 1704 877 1734 ...‚
905 1679 965 1735 qua
987 1678 1017 1718 se
1041 1678 1159 1718 omnem

143 1747 265 1807 Plancio
298 1749 530 1808 sollicitudinem
557 1748 662 1808 debere
689 1751 826 1808 testatur.
877 1747 926 1807 Sic
954 1750 984 1807 et
1010 1748 1159 1825 religioni,

143 1855 233 1912 quarn
260 1839 376 1915 magnis
403 1836 553 1898 beneficiis
585 1838 648 1896 eius
681 1837 780 1912 debet,
812 1837 960 1897 satisfacit
992 1839 1022 1896 et
1052 1837 1159 1913 podem

141 1925 234 1984 refert
252 1925 289 1984 ab
308 1928 504 1985 insectatione
521 1928 652 2002 testium,
672 1926 777 2002 quibus
797 1926 870 1984 dicit
889 1944 951 1985 esse
969 1925 1158 2001 parcendum.

45 2019 122 2080 558.
210 2014 250 2072 In
274 2033 354 2090 quo,
379 2013 495 2089 Cassi,
523 2017 552 2074 si
574 2014 645 2073 tibi
667 2017 721 2074 ita
743 2016 978 2090 respondeam
1000 2015 1201 2074 nescissem

141 2102 179 2160 id
200 2104 371 2178 populum
389 2104 423 2161 R.
438 2123 551 2179 neque
574 2104 701 2179 fuisse,
724 2107 785 2180 qui
802 2103 838 2161 id
856 2103 958 2163 nobis
977 2105 1158 2177 narraret,

141 2193 358 2268 pracsertim
380 2195 520 2251 mortuo
546 2190 672 2270 Congo.

208 2281 363 2340 Iuventiae
381 2282 524 2357 familiae,
543 2301 578 2340 ex
592 2301 651 2357 qua
664 2280 833 2340 Laterensis
852 2283 1023 2340 contextum
1042 2281 1157 2358 generis

140 2369 282 2443 habebat,
318 2369 497 2445 probaturus
534 2373 665 2429 veterem
700 2369 889 2429 nobilitatem
922 2367 1040 2429 Cassius
1071 2388 1156 2444 prae·

140 2458 307 2517 iactaverat
338 2459 416 2517 hunc
444 2459 571 2517 aedilem
598 2460 695 2534 primo
724 2461 793 2518 ante
821 2459 895 2517 alios
923 2459 988 2517 loeo
1015 2457 1080 2516 fieri
1107 2457 1156 2516 de·
1171 2477 1199 2517 as

140 2544 246 2604 buissc.
371 2549 466 2625 igitur
492 2547 525 2604 in
553 2548 679 2606 eundem
707 2545 842 2606 Cassium
868 2547 950 2606 facta
976 2547 1015 2604 Μ.
1040 2546 1156 2604 Tullius

140 2636 230 2712 negat
252 2635 437 2712 populum,
459 2636 491 2693 id
515 2638 559 2695 est
577 2637 684 2713 vulgus
707 2637 905 2711 inperitorum
923 2636 1055 2695 iudicare
1072 2637 1156 2711 peni-

139 2726 187 2784 tus
220 2724 256 2783 de
287 2725 421 2783 familiae
454 2726 587 2784 clarioris
614 2725 772 2784 nobilitate
799 2727 943 2800 potuisse,
976 2728 1010 2783 ut
1036 2725 1156 2783 nonnisi

139 2814 295 2888 peritiores
327 2816 486 2874 vetustatis
524 2816 554 2873 et
590 2816 640 2889 qui
678 2815 891 2888 antiquitatem
926 2833 979 2888 per
1015 2813 1155 2872 historias

207 3041 222 3089 3
242 3035 423 3090 damnatione
441 3037 516 3090 codd.
532 3037 584 3091 Cic.
605 3035 780 3089 damnationi
801 3037 864 3090 Ome
936 3041 952 3089 ὅ
977 3038 1088 3090 1111111.
1105 3036 1153 3090 lio.

140 3108 173 3175 -Ι-
187 3112 205 3160 4
219 3124 267 3160 orn.
278 3134 311 3152 =
326 3112 364 3162 26
377 3109 427 3161 litt.
443 3108 604 3174 ἐπιχείρημα
623 3110 678 3162 ἀπὸ
692 3114 743 3162 τοῦ
760 3113 856 3174 καιροῦ
875 3108 964 3175 suppl.
974 3109 1016 3177 Zp
1034 3109 1089 3161 ἀπὸ
1102 3113 1154 3174 τῆ(

139 3177 255 3231 nicaeum
273 3184 324 3232 τοῦ
345 3178 504 3231 ἀντιδίκου1
577 3184 609 3231 11
628 3178 809 3246 pristinonO
879 3182 911 3231 15
932 3180 963 3243 ll·
1036 3183 1068 3230 16
1088 3194 1155 3230 con-

139 3247 402 3302 tendendiWcadcr
457 3250 506 3301 loc.
518 3248 612 3330 35141-
634 3249 683 3322 1²74
699 3267 747 3304 cm.
758 3275 791 3295 =
808 3254 842 3302 14
861 3250 911 3303 litt.
931 3250 1117 3316 (υγχωρήεειῗ

139 3334 195 3386 qua
204 3318 237 3373 st
250 3334 322 3386 quae
333 3319 397 3373 Gmo
452 3324 485 3371 10
495 3319 537 3372 ita
546 3319 600 3372 t1b1
609 3321 746 3375 redacte.
807 3324 839 3372 11
851 3318 920 3387 quid
925 3337 978 3388 pro
993 3319 1081 3387 quiid
1092 3321 1116 3375 0

139 3395 172 3442 11
188 3387 281 3458 Congo
296 3390 372 3443 codd.
384 3390 438 3444 co.
454 3388 544 3444 Conco
560 3392 624 3445 Ome
687 3397 721 3444 14
737 3389 916 3444 ΝΟΒΙΗΤΕΜ
979 3397 1012 3444 15
1028 3390 1153 3444 desuiese

140 3461 163 3516 0
228 3466 262 3513 16
282 3461 634 3529 1111-1-1011--101111
650 3461 965 3532 ἀποετροφῇεαρρΜρ
1015 3460 1156 3517 factamC

124 3531 206 3581 reeta
222 3531 262 3583 M.
285 3533 425 3588 mordere
441 3533 520 3587 iacta
538 3534 582 3606 Zp
654 3539 687 3588 17
707 3533 838 3603 paenitus
857 3533 943 3588 01111Ι
