2460 3816
533 163 548 223 e
569 161 681 210 37-42.
1072 157 1114 220 47

99 327 174 385 situs
199 327 247 401 sit,
270 329 304 384 ut
323 326 494 385 viderentur
512 323 685 401 perdidisse,
707 343 744 383 ne
765 328 819 383 aut
836 327 895 400 ipsi
913 326 1117 401 periclitaren-

98 418 148 473 tur
172 418 225 475 aut
245 433 296 474 reo
319 434 424 475 nocere
447 434 506 474 non
528 415 657 490 possent.

166 502 264 572 Quin·
288 504 329 563 ab
356 505 422 563 hoc
448 504 680 581 ignotissimo
707 502 824 580 Fryge
851 502 1117 563 nobilissimum
1137 510 1152 570 5
1171 509 1214 557 40.

99 595 211 651 civem
234 593 440 651 vindicetis.

71 703 84 742 s
166 681 332 757 Utrumque
350 683 539 741 vehementer
561 684 592 739 et
612 680 895 756 addepumendum
914 680 1118 740 adversarium

99 774 129 829 et
153 770 190 828 ad
214 771 414 829 extollendum
435 790 532 845 reum,
560 773 594 828 ut
615 772 734 828 tantum
756 771 789 828 in
811 770 865 829 illo
893 770 1050 828 obscurata
1078 772 1118 828 sit

100 862 246 935 quantum
268 861 301 917 in
323 860 379 918 hoc
401 861 562 919 inlustrata
584 876 720 935 persona.

165 947 310 1007 Homini
347 950 440 1006 enim
470 950 596 1026 Frygi‚
633 949 695 1024 qui
731 947 892 1006 arborem
928 952 1213 1023 numquamtss.

99 1037 268 1110 vidisset,
292 1038 461 1096 fiscinam
483 1039 637 1096 ficorum
660 1036 839 1096 obiecisti.

59 1147 86 1186 ro
169 1126 311 1185 ...valde
332 1126 454 1184 Summa
463 1145 531 1186 cum
540 1127 706 1185 festivitate
716 1125 856 1185 discussit
868 1125 1001 1184 inridens
1011 1127 1118 1185 veneni

101 1216 349 1288 criminationem,
373 1215 453 1291 quod
469 1215 519 1273 hio
537 1216 688 1274 videretur
706 1233 782 1274 unus
801 1214 838 1274 de
857 1233 980 1274 numero
999 1233 1117 1274 accusa·

99 1308 199 1362 torum
212 1304 313 1362 Flacci
331 1306 487 1379 repentina
506 1307 601 1364 morte
618 1303 782 1362 defunctus.
817 1349 822 1360 .
838 1349 844 1360 .
860 1349 866 1362 .
881 1292 1059 1379 interposita
1073 1305 1119 1362 est

101 1393 256 1452 aviditatis
272 1396 302 1450 et
314 1394 562 1468 intemperantiae
578 1393 699 1452 barbari
711 1392 849 1467 hominis,
868 1412 957 1468 quem
969 1411 1059 1468 poma
1072 1394 1118 1451 in-

100 1480 1118 1559 usitatadistenderint.Notemusigiturquasdamcriminationesnon

61 1590 86 1630 rs
100 1573 231 1648 pugnaci
243 1573 509 1648 argumentatione,
524 1571 575 1630 sed
585 1572 676 1629 etiam
686 1571 795 1629 festiva
804 1570 974 1628 urbanitate
985 1570 1116 1629 dissolvi.

167 1660 296 1718 Flacco
320 1678 402 1718 vero
426 1660 511 1736 quid
534 1656 695 1736 profuit?
728 1660 784 1734 qui
807 1659 926 1717 valuit
948 1662 1021 1718 tam
1044 1659 1117 1734 diu,

101 1748 180 1806 dum
202 1750 270 1807 huc
292 1748 468 1824 prodiret,
491 1751 651 1808 mortuus
673 1749 727 1806 est
750 1748 873 1807 aculeo
895 1749 966 1806 iam
989 1749 1118 1807 emisso

102 1856 140 1895 ac
163 1838 260 1896 dicto
284 1839 504 1897 testimonio.

167 1925 245 1986 Leve
268 1927 388 2002 putavit
411 1930 511 1985 orator
540 1926 786 2003 diligentissimus
813 1924 890 1984 hanc
920 1926 1119 2001 suspicionem

60 2034 87 2073 so
101 2015 236 2074 veneficii
258 2016 323 2074 sola
341 2014 511 2074 urbanitate
530 2016 692 2088 discutere3
716 2014 861 2073 conclusit
879 2015 971 2073 etiam
988 2013 1119 2074 breviter

102 2106 358 2182 argumentatione
389 2104 574 2164 validissima
605 2104 722 2162 nullum
748 2103 855 2163 Flacco
887 2104 1118 2162 emolumentum

101 2194 192 2252 fuisse
210 2196 243 2251 in
261 2195 324 2252 eius
342 2194 476 2267 interitu,
500 2195 552 2268 qui
569 2194 631 2251 iam
651 2193 856 2251 testimonium
874 2191 990 2250 dixerat
1008 2194 1039 2250 et
1056 2193 1119 2251 vim

102 2283 318 2341 criminationis
329 2281 470 2341 ediderat.
482 2282 582 2342 Unam
591 2284 692 2340 autem
702 2280 854 2341 occidendi
861 2282 953 2341 fuisse
961 2282 1118 2355 rationem,

102 2374 262 2447 antequam
281 2372 486 2431 testimonium
508 2371 627 2445 diceret,
650 2371 730 2430 dicto
750 2373 850 2429 autem
867 2371 930 2432 iam
947 2371 1118 2430 testimonio

60 2462 197 2537 armagis
220 2462 353 2536 potuisse
372 2462 484 2519 crimen
507 2462 610 2539 augeri
629 2478 720 2536 quam
737 2460 903 2536 periculum
921 2459 1073 2517 declinari.

168 2549 329 2624 Totoque
351 2549 605 2609 Mithridatico
628 2550 785 2607 crimine.

168 2638 330 2715 Eleganter
356 2641 386 2696 et
413 2640 543 2698 oratorio
577 2638 742 2698 stomacho:
773 2637 973 2695 Mithridatico
1000 2637 1119 2694 crimine

102 2728 188 2801 quasi
206 2726 411 2786 Mithridatico
429 2726 516 2785 bello.
553 2726 588 2785 Id
610 2729 710 2785 autem
728 2727 840 2784 crimen
858 2724 1016 2802 significat,
1039 2723 1118 2799 quod

101 2815 291 2874 Mithridates
313 2815 366 2872 ille
387 2815 587 2890 Pergamenus
609 2814 787 2872 intenderat.
991 2821 992 2824 ’

60 2921 88 2962 so
169 2902 214 2960 Et
246 2903 307 2977 qui
333 2903 387 2960 ita
414 2903 463 2960 sit
490 2901 717 2975 ambitiosus,
748 2904 787 2960 nt
815 2901 927 2960 omnis
955 2918 1016 2960 vos
1039 2903 1214 2964 nos-542·

102 2985 211 3068 (que)
234 2989 369 3048 cotidie
391 2991 601 3066 persalutet.

170 3129 186 3178 3
198 3124 323 3194 carnee
377 3131 393 3179 4
407 3123 557 3178 vindicetis
566 3125 641 3179 codd.
650 3125 703 3180 (lic.
715 3122 878 3177 condonetis
890 3122 913 3177 O
965 3128 980 3177 8
991 3123 1119 3179 arborem

105 3194 292 3251 OVarborem
305 3195 352 3249 fici
366 3197 423 3251 rell.
433 3197 508 3250 codd.
517 3197 571 3252 (lic.
627 3201 642 3249 9
652 3194 772 3248 uidisset
781 3195 857 3249 codd.
865 3195 919 3249 Cic.
929 3194 1036 3250 uidisse
1048 3197 1071 3251 Ο

104 3266 233 3321 obiecisti
242 3268 319 3322 codd.
327 3268 381 3323 Cic.
392 3267 528 3321 obiecisse
539 3268 563 3323 0
615 3272 649 3321 10
664 3269 738 3322 lac3
751 3284 840 3322 om.=
850 3271 868 3320 7
877 3267 927 3320 litt.
940 3267 1070 3321 ἀετείωεῖ

104 3344 137 3390 12
153 3339 266 3407 ΜΗ·
274 3343 292 3393 3
301 3355 389 3394 cm,=
400 3344 436 3395 12
446 3339 496 3394 litt.
508 3340 691 3394 διατύπωειεῖ
747 3343 779 3391 14
793 3353 850 3390 non
860 3336 994 3408 (solum)
1005 3339 1074 3390 Mat

105 3413 137 3461 15
157 3409 628 3483 dellllttN'sdl'lONGSleTdM
689 3413 723 3463 16
743 3407 934 3492 photi-*tw
998 3410 1045 3479 ‘uu
1059 3403 1149 3447 aune·

104 3495 189 3548 quam
207 3496 250 3536 mo
269 3481 298 3534 et
316 3497 400 3550 quam
421 3481 445 3537 0
516 3486 551 3537 30
573 3484 603 3538 et
623 3481 692 3540 Orco
712 3481 797 3537 codd.
809 3479 873 3535 (loc
891 3471 1093 3528 ectr-B<olm

100 3557 133 3604 31
154 3550 250 3623 (oue)
270 3554 347 3608 coca
365 3555 422 3613 ou.
479 3557 651 3629 persalutet
669 3552 830 3614 eorumc-
845 3538 1048 3615 βψω
1062 3525 1089 3574 0
