2460 3816
510 111 724 168 PRAEFATIO.
1085 113 1124 168 IX

108 304 173 344 esse
196 285 349 359 multoque
372 283 487 342 minore
506 300 596 359 opera
613 281 678 359 legi.
692 299 778 357 posse
802 300 891 356 quam
911 282 1123 359 Ambrosiana3

107 392 205 448 neque
227 374 260 432 id
282 372 378 432 solum
402 391 435 430 eo
459 371 599 445 officitur,
622 371 703 447 quod
726 370 851 429 clariore
873 370 940 429 luce
963 371 994 429 in
1017 370 1127 432 biblio-

107 463 196 522 theoa
214 462 363 520 Vaticana
385 462 432 519 uti
453 460 532 534 licet,
554 461 586 517 in
605 459 803 518 Ambrosiana
824 478 933 536 magno
956 463 1055 536 spatio
1078 464 1123 520 in-

107 553 231 610 teriecto
259 549 434 609 difficillime
460 551 498 607 in*
520 548 701 607 obscuritate
728 549 847 607 litterae
874 549 1124 626 internoscantur,

107 639 248 715 quodque
275 639 381 698 Maius·
405 637 631 697 immoderatius
666 639 797 696 tinctura
833 637 996 696 Mediolani
1033 657 1124 714 quam

107 728 222 786 Romae
236 746 307 786 usus
322 732 376 800 est,
390 727 441 786 sed
455 727 545 786 etium
560 745 595 785 eo
610 726 692 801 qnod
703 726 779 784 folia
791 726 940 785 Vaticana
954 744 1025 785 cura
1038 747 1123 803 praa

106 817 181 876 fecti
206 816 239 875 P.
257 816 349 875 Ehrle
376 836 411 874 ex
434 834 576 893 compage
604 815 702 874 soluta
721 833 756 873 ac
779 833 855 874 novo
879 815 1007 891 quodam
1032 819 1123 892 atqua

107 905 264 964 excellenti
286 904 374 964 modo
398 907 569 964 restaurata
590 907 668 964 sunt.
704 903 837 961 Primum
861 906 940 962 enim
963 907 1123 964 accuratis·
1156 914 1159 918 ’

107 996 182 1053 sime
209 994 341 1072 levigata
368 996 439 1053 sunt
465 995 523 1067 ita,
550 996 584 1051 ut
611 993 784 1052 membrana
810 993 913 1052 multis
937 993 1011 1052 locis
1034 997 1124 1053 antea

107 1085 262 1142 contracta
276 1083 447 1142 cautissime
466 1082 691 1156 distraheretur,
710 1082 816 1140 deinde
834 1081 908 1140 folia
921 1083 1006 1140 tenta
1020 1083 1125 1142 charta

106 1172 205 1232 solida
232 1171 417 1232 circumdata
444 1173 527 1244 sunt,
550 1191 586 1230 ne
609 1189 710 1230 rursus
733 1173 765 1229 vi
793 1189 848 1230 sua
872 1170 1122 1230 contraherentrm

105 1261 156 1320 Ita
183 1261 296 1320 factum
324 1263 382 1334 est,
409 1263 444 1318 ut
466 1262 497 1318 et
519 1259 614 1319 multo
641 1260 761 1318 facilius
786 1259 1027 1334 commodiusque
1050 1261 1124 1320 folia

108 1349 258 1409 dissoluta
279 1348 450 1426 legerentur
477 1351 507 1407 et
530 1350 698 1407 accuratius
725 1347 845 1407 litterae
869 1350 1123 1426 cognoscerentur.

106 1437 224 1496 Ultimo
254 1456 331 1496 anuo
365 1436 470 1496 deinde
500 1437 591 1496 codex
621 1437 815 1512 photctypice
845 1455 1000 1513 expressus
1030 1440 1124 1514 atque

106 1525 279 1602 publicatus
311 1519 392 1608 ostl)
448 1524 559 1585 Contra
589 1525 752 1584 Mediolani
785 1525 862 1584 liber
894 1525 991 1585 adhuc
1023 1530 1124 1585 manet

106 1615 271 1692 neglectus,
293 1615 352 1673 nisi
375 1615 454 1691 quod
477 1635 493 1674 o
517 1633 658 1692 compage
681 1615 798 1673 solutus
821 1618 873 1673 est.
907 1613 1031 1692 Singula
1049 1615 1125 1674 folia

107 1704 269 1764 secundum
289 1703 424 1763 ordinem
446 1723 464 1762 a
482 1704 562 1763 Maio
587 1703 782 1763 coustitutum
801 1705 965 1762 servantur.
995 1703 1124 1763 Maxime

107 1811 180 1852 vero
203 1791 363 1851 dolendum
386 1795 431 1850 est
451 1793 550 1852 adhuc
569 1793 601 1850 in
624 1792 804 1850 bibliotheca
826 1790 1025 1850 Ambrosiana
1048 1793 1124 1854 nihil

106 1900 163 1958 pro
185 1881 241 1939 hoc
264 1880 467 1956 manuscripto
490 1881 604 1973 factum
632 1899 695 1940 esee
723 1882 815 1956 atquc
843 1880 1024 1956 sperandum
1045 1901 1124 1941 nunc

107 1972 207 2030 virum
231 1969 351 2029 doctum
379 1971 431 2046 qui
463 1969 490 2027 ei
513 1973 630 2047 praeest
661 1969 889 2045 palimpsestum
911 1971 1024 2028 maiore
1052 1989 1125 2029 cura

106 2061 307 2117 tractaturum
330 2077 400 2118 esse.
446 2059 550 2135 Neque
574 2058 653 2116 enim
676 2057 810 2117 dubitari·
830 2060 936 2134 potest,
960 2059 1033 2134 quin
1056 2079 1124 2118 cone

107 2148 253 2206 servando
277 2150 367 2222 atqua
394 2147 573 2223 publicando
601 2148 796 2224 palimpsesto
823 2147 991 2223 praefectus
1018 2147 1123 2206 biblio-

105 2236 211 2294 thecae
229 2236 394 2295 Vaticauae
426 2236 595 2295 litterarum
625 2235 731 2295 studiis
763 2237 890 2294 maxime
927 2236 1124 2296 inserviverit.

105 2323 227 2383 Etenim
241 2325 315 2384 folia
329 2327 462 2383 tinctura
475 2325 581 2384 obruta
596 2328 626 2384 et
638 2327 748 2384 totiens
763 2326 874 2384 collata
888 2327 978 2401 atque
992 2328 1125 2385 tractata

108 2413 200 2472 etiam
223 2415 249 2472 si
272 2415 443 2473 cautissime
466 2416 587 2491 tangas,
609 2415 781 2490 saepissime
804 2415 852 2472 vel
875 2414 1054 2491 franguntur
1076 2416 1125 2473 vel

108 2500 325 2576 dilacerantur3
339 2505 385 2561 sin
399 2502 602 2561 membranam
616 2502 774 2576 distrahas,
788 2503 950 2562 certissime
964 2503 1124 2562 violantur.

177 2589 310 2666 Scriptus
329 2593 375 2649 est
392 2591 483 2649 codex
502 2591 666 2666 Bobieusis‚
685 2593 771 2650 ouius
794 2591 937 2666 reliquiae
955 2595 1124 2668 supersunt,

107 2677 223 2738 duabus
251 2680 395 2739 columnis
427 2679 616 2739 mediocriter
647 2679 794 2756 angustis3
822 2680 1029 2755 complectitur
1051 2699 1123 2737 una-

108 2785 247 2844 quaeque
266 2768 356 2842 linea,
375 2787 501 2844 quarum
519 2769 640 2828 vicenae
659 2770 767 2844 quinae
786 2768 818 2826 in
836 2767 961 2845 singulis
978 2768 1124 2827 columnis

108 2858 242 2932 exeant,
274 2875 359 2915 senas
390 2857 480 2916 denas
507 2858 624 2917 litteras
653 2858 783 2931 circiter,
811 2857 937 2930 nullam,
965 2858 992 2914 si
1013 2857 1124 2915 latinas

105 2945 227 3004 litteras
250 2945 428 3020 numerabis,
452 2946 519 3021 plus
543 2966 632 3022 quam
655 2945 765 3022 viginti
787 2944 869 3019 duaa,
892 2944 1007 3002 nullam
1025 2946 1126 3006 minus

106 3051 202 3110 quam
233 3034 389 3093 duodecim
422 3037 572 3095 continere
604 3035 744 3094 invenies.
797 3035 947 3110 Exceptae
974 3038 1045 3094 sunt
1073 3054 1124 3094 eae

104 3122 219 3195 lineae,
247 3141 375 3197 quarum
401 3123 475 3183 fines
504 3123 540 3183 ob
568 3125 838 3200 interpunctionem
865 3141 976 3182 vacuae
1003 3125 1125 3183 relictae

105 3212 192 3284 sunt3
220 3210 256 3270 de
282 3212 364 3271 hisce
391 3215 474 3272 certa
500 3214 604 3290 regula
630 3214 703 3289 poni
729 3216 841 3287 nequit.
888 3212 932 3270 De
954 3212 1125 3271 litterarum

106 3317 188 3376 quae
210 3300 342 3360 unciales
366 3305 435 3360 sunt
457 3303 553 3360 forma
576 3303 648 3360 haec
672 3300 933 3360 animadvertenda
956 3304 1043 3376 puto:

182 3487 208 3556 1)
227 3485 300 3540 Vide
319 3487 583 3557 suprap.1V,nota
602 3493 624 3540 1.
