2460 3816
464 171 529 226 LIB.
549 171 562 226 I
585 177 600 239 ξ
620 176 733 226 53-59.
1082 171 1103 234 5

165 341 307 416 Vereor,
335 361 376 401 ne
403 343 489 401 haec
516 342 609 400 forte
638 341 793 416 cuipiam
820 341 927 399 nimis
955 342 1105 415 antiqua
1124 344 1139 404 i
1159 343 1200 392 56-

97 434 133 490 et
156 432 226 489 iarn
249 429 413 490 obsoleta
435 430 635 489 videantur.

165 519 249 596 Aput
275 519 438 578 ineruditos
466 518 577 578 iudices
601 518 735 594 exempla
753 517 789 576 de
817 519 965 576 vetustate
987 519 1106 592 prolata

96 609 196 667 minus
215 607 363 667 efficaciae
381 607 500 682 habent,
520 608 660 683 quoniam
677 605 773 666 videri
790 608 915 682 possunt
933 605 970 664 ab
989 609 1106 666 oratore

71 695 236 774 cconfingi.
285 696 350 756 Hoc
378 697 469 756 etiam
495 696 708 756 Demosthenes
735 690 815 754 κατὰ
838 689 1106 768 Ἀριετογείτονοε

97 787 131 844 in
154 785 278 844 oonsilio
304 785 415 845 habens
438 787 483 845 ita
506 785 594 844 dixit:
621 780 672 844 καὶ
694 778 723 843 τί
747 782 796 843 δεῖ
818 779 922 855 λέγειν
945 779 1017 857 περὶ
1040 782 1105 843 τῶν

98 873 258 945 παλαιῶν,
291 868 374 934 ἀλλὰ
396 871 472 934 τοὺ(
495 868 548 949 ἐφ’
570 869 660 949 ὑμῶν
688 867 794 933 αὐτῶν
822 866 1048 944 ἀναλογίεαεθε
1076 876 1106 930 et

98 963 222 1037 reliqua.

167 1050 198 1108 P.
223 1051 409 1111 Servilius

58 1159 85 1200 ro
168 1137 288 1218 Collega
319 1140 378 1198 fuit
408 1141 441 1198 in
473 1141 628 1200 consulatu
654 1140 754 1216 Appio
783 1137 906 1198 Claudio
937 1138 1106 1213 bellumque

100 1230 309 1307 gravissimum
326 1230 359 1286 in
379 1227 484 1288 Cilicia
502 1231 607 1307 gessit3
629 1230 708 1287 inter
725 1231 822 1289 cetera
841 1229 932 1286 etiam
949 1225 1106 1286 Phaselida

100 1321 130 1376 et
158 1314 319 1394 Olympum
351 1317 489 1393 subiecit,
521 1318 599 1377 unde
625 1317 712 1377 rebus
739 1317 812 1377 bene
840 1318 931 1395 gestis
958 1315 1105 1375 Isauricus

100 1408 325 1484 cognominatus
349 1410 402 1466 est.

166 1494 246 1553 Vidi
269 1496 456 1555 conlucere
480 1497 597 1555 omnia
619 1495 729 1554 furtis
752 1496 834 1553 tuis.
1125 1494 1200 1554 558.

58 1604 85 1644 1s
166 1583 342 1643 Vehementi
368 1579 630 1662 παραπροεδοκίᾳ
656 1580 707 1643 καὶ
735 1578 812 1656 μετὰ
840 1580 1016 1656 μεταβολὴ(
1042 1598 1108 1640 con-

99 1672 193 1732 lucere
216 1675 315 1732 cenato
336 1675 426 1746 furtis
448 1673 529 1732 illius
553 1673 663 1732 vidisse
684 1691 714 1731 se
738 1671 822 1746 dixit,
846 1672 931 1746 quasi
948 1690 1008 1729 non
1031 1674 1108 1730 esset

100 1764 221 1820 ornatus
245 1762 317 1836 fori,
340 1762 391 1820 sed
414 1763 559 1822 confessio
581 1763 762 1836 rapinarum.

168 1849 234 1918 Qui
279 1869 315 1910 se
355 1849 571 1910 iudiciorum
611 1850 770 1908 dominos
813 1848 885 1906 dici
924 1848 1107 1924 volebant,

99 1938 224 1996 harum
247 1939 492 2014 cupiditatum
515 1957 591 1998 esse
614 1956 744 1998 servos.

58 2045 86 2086 ao
167 2020 218 2086 Ἐκ
240 2027 305 2088 τῶν
329 2023 502 2088 ἀντιθέτων
526 2046 628 2104 aspere
651 2027 795 2086 laceravit
816 2026 1018 2101 Hortensium,
1041 2045 1107 2085 oum

100 2114 187 2173 illum
218 2117 299 2175 dicat
329 2117 467 2176 habuisse
499 2118 531 2174 in
558 2116 676 2174 iudiciis
707 2115 951 2190 dominationem,
984 2114 1108 2173 eundem

100 2206 201 2262 tamen
223 2207 290 2280 pati
312 2205 459 2282 significet
476 2207 508 2264 in
526 2205 573 2263 his
593 2204 727 2263 luxuriae
746 2203 939 2280 apparatibus
958 2204 1107 2279 quandam

167 2381 216 2439 Ex
243 2385 317 2442 suis
344 2383 488 2459 templis
516 2382 639 2442 ablata
665 2384 701 2440 in
729 2383 806 2441 foro
834 2381 1104 2441 venerabantur.
1125 2382 1140 2441 i
1159 2381 1200 2428 59.

59 2487 87 2528 ac
169 2467 348 2530 Graecorum
379 2472 499 2548 quidem
530 2474 642 2531 mentes
676 2473 885 2532 cerimoniosas
922 2474 952 2530 et
988 2470 1109 2529 deorum

101 2555 377 2619 observantissimus
401 2561 539 2635 ostendit,
562 2561 708 2620 invidiam
730 2564 830 2619 tamen
852 2561 908 2619 hoc
926 2561 991 2635 ipso
1006 2558 1107 2617 Verris

101 2649 282 2722 accumulat,
311 2667 368 2722 quo
392 2652 487 2728 magis
510 2650 579 2708 illos
602 2648 785 2708 miserabiles
808 2650 894 2722 facit,
923 2649 974 2723 qui
996 2648 1107 2706 Romae

101 2735 259 2797 simulacra
278 2736 400 2797 deorum
417 2740 657 2816 recognoscentes
676 2740 893 2812 venerarentur,
911 2739 953 2810 ut,
972 2736 1106 2810 quamvis

167 2947 183 2994 t
202 2941 279 2995 Dem.
300 2941 365 2995 κατ’
384 2941 438 3009 Ἀρ.
457 2941 483 2994 Π
502 2945 525 2994 7.

168 3124 183 3172 3
207 3119 282 3188 apud
305 3119 381 3173 LF.
398 3117 482 3173 Gron.
505 3118 602 3188 rapuit
621 3119 644 3173 O
733 3124 749 3171 ὁ
774 3117 1032 3186 Ἀριετογιτονοεθ

100 3195 115 3241 6
139 3206 193 3259 sqq.
214 3194 529 3258 καιγιδειλετεινπεριτον
601 3193 1108 3258 λεοναλλοτου(εφιμωαυτοναναλογι-

100 3262 411 3329 (αεταιθεραιὶωηιεει
423 3279 528 3316 anem.
593 3261 671 3314 9·P·
684 3261 842 3332 ineundo,
908 3266 939 3314 11
958 3259 1109 3314 Phaselida

101 3332 133 3402 Ο4
149 3333 180 3385 in
193 3349 263 3402 my,
283 3332 348 3386 Cin
361 3339 437 3388 tectu
449 3332 604 3402 prinselida
671 3339 702 3386 12
722 3332 905 3401 olumpumO
974 3337 1007 3384 14
1026 3331 1108 3384 furtis

99 3419 133 3456 ecc
160 3403 238 3456 sntio
265 3420 332 3457 corr.
354 3404 378 3458 0
460 3410 493 3458 15
521 3407 764 3472 noponpocbovccv
793 3404 825 3469 (J,
857 3419 924 3458 corr.
944 3403 975 3457 St
1029 3420 1108 3470 μετα-

98 3477 247 3540 τεεβουληε
259 3474 287 3540 0,
299 3491 367 3529 corr.
379 3474 421 3529 Gr
430 3478 498 3541 perd
508 3477 636 3542 ἐπιβολὴ(
646 3474 678 3529 St
742 3479 776 3528 20
789 3473 1024 3539 vovovrrtevovO,
1039 3489 1111 3528 corr.

100 3545 142 3600 Gr
214 3550 248 3598 23
266 3544 393 3598 liuidinis
413 3546 437 3600 0
505 3553 539 3600 24
559 3545 632 3598 fanis
652 3544 763 3600 sublata
781 3545 856 3600 codd.
869 3545 921 3599 Cic.
