2460 3816
129 146 173 210 94
526 145 599 201 PRO
623 146 745 201 SESTIO

129 317 261 394 gratuito
288 316 415 392 populus
443 317 597 390 acciperet.
643 315 701 374 Per
724 316 781 374 hoc
807 316 901 393 igitur
930 315 968 375 ab
991 335 1026 374 eo
1049 315 1139 375 demi·

128 407 203 463 nuta
224 405 385 482 vectigalia
409 406 591 467 criminatur.

31 508 46 568 g
66 506 108 557 56.
136 587 137 590 Ἴ
194 502 434 580 Brogitarum.

195 590 240 649 De
261 591 318 650 hoc
340 593 401 649 iam
424 591 541 649 locutus
564 609 638 650 sum.

149 676 152 681 ¹
194 687 348 747 Reduoti
371 688 490 747 exules
513 689 737 764 Byzantium.
1168 706 1180 747 1

193 776 256 836 Hos
294 779 385 836 etiam
420 777 486 854 lege
522 796 577 836 sua
607 780 799 836 revocaverat
832 775 966 852 Clodius,
1002 780 1139 854 quamius

127 867 253 925 fuissent
279 867 343 924 iure
371 865 513 924 damnati.
638 867 733 944 igitur
839 868 964 944 ingessit
994 867 1140 926 invidiam

126 956 281 1017 restitutos
307 957 379 1013 tunc
416 973 478 1028 eos,
512 955 565 1029 qui
592 954 726 1014 damnati
752 956 886 1034 legitime
913 955 1045 1030 fuerant,
1073 975 1140 1015 cum

126 1046 190 1121 ipse
212 1043 401 1102 indemnatus
425 1040 526 1102 Cicero
549 1045 581 1102 in
604 1044 726 1102 exilium
749 1045 854 1104 fuisset
876 1046 994 1104 eiectus.

30 1146 106 1207 557.
193 1140 433 1214 Ptolemaeus,
473 1142 535 1216 qui
575 1143 605 1200 si
645 1141 799 1200 nondum
840 1144 917 1201 erat
958 1161 976 1201 a
1013 1145 1139 1202 senatu
1154 1159 1181 1199 1o

127 1232 245 1289 socius
270 1230 490 1306 appellatus,
513 1232 591 1289 erat
608 1232 727 1288 tamen
750 1232 866 1290 frater
889 1233 972 1290 eius.

276 1327 356 1386 hunc
387 1329 478 1385 etiam
509 1327 713 1386 Ptolemaeum
748 1347 848 1406 regem
880 1326 973 1404 Cypri
1010 1330 1139 1387 amicum

126 1416 343 1492 quodammodo
373 1435 391 1474 a
418 1418 523 1475 senatu
550 1417 734 1494 appellatum
763 1419 867 1492 fuisse,
899 1417 1139 1493 quandoquidem

125 1506 220 1564 irater
251 1506 327 1579 eius,
359 1506 412 1580 qui
443 1506 476 1562 in
506 1503 645 1583 Aegypto
678 1506 836 1584 regnabat,
873 1508 1046 1566 consecutus
1077 1508 1138 1565 iam

126 1595 276 1654 societatis
301 1596 331 1652 et
353 1595 503 1653 amicitiae
525 1593 668 1653 honorem
690 1595 848 1654 videretur.
890 1596 1015 1654 Ferente
1037 1597 1138 1654 autam
1153 1611 1180 1652 15

124 1684 311 1761 rogationem
335 1680 439 1743 Clodio
466 1682 652 1760 publicatum
679 1685 778 1744 fuerat
805 1686 867 1744 eius
894 1703 1031 1762 regnum,
1059 1684 1139 1760 quod

126 1771 273 1830 diceretur
296 1771 333 1830 ab
357 1790 391 1830 eo
413 1773 527 1847 piratas
551 1773 696 1831 adiuvari.

192 1869 239 1929 Ut
262 1869 386 1928 sedens
410 1888 486 1928 cum
509 1889 668 1946 purpura
691 1873 726 1928 et
748 1873 899 1945 sceptro.

192 1961 388 2040 Δεινότερον
407 1968 504 2025 facere
520 1968 616 2027 voluit
635 1969 800 2045 exprimens
818 1970 1006 2027 maiestatem
1023 1969 1137 2046 regiam

124 2074 178 2132 per
208 2057 275 2131 ipsa
306 2054 426 2115 habitus
458 2056 647 2130 liniamenta,
679 2076 755 2132 quac
782 2058 968 2116 venerationi
995 2075 1056 2117 esse
1088 2057 1136 2115 de·
1151 2072 1178 2113 20

124 2143 251 2203 buerint.
533 2159 535 2163 ’

29 2236 105 2296 558.
192 2232 409 2291 Antiochum
431 2232 603 2310 Magnum.

190 2321 248 2380 HIc
284 2322 381 2380 victus
417 2340 435 2379 a
467 2321 499 2379 L.
529 2321 666 2398 Scipione
703 2325 888 2401 angustiores
925 2325 1016 2382 etiam
1051 2326 1136 2402 regni

124 2409 232 2468 habere
254 2410 397 2469 terminos
419 2412 516 2469 iussus
539 2413 591 2469 est.
633 2423 638 2432 '

27 2501 104 2563 §ta
237 2496 319 2556 Cum
363 2498 514 2558 videant
557 2518 619 2574 per
663 2499 848 2557 tribunum
898 2501 1054 2576 aliquem
1101 2503 1176 2559 etas

124 2590 305 2648 sescentas
328 2606 463 2662 operas.

190 2815 223 2864 23
252 2809 306 2864 Cic.
326 2827 376 2880 pro
395 2810 485 2865 Deict.
505 2810 569 2863 XIII
588 2815 621 2863 36
650 2809 775 2878 Etenim,
799 2809 823 2864 ei
841 2811 996 2866 Antiochus
1015 2812 1134 2882 Magnus

121 2881 183 2948 ille,
206 2897 255 2935 rex
271 2881 369 2948 Asiae,
393 2899 469 2948 eum,
493 2884 679 2951 posteaquam
701 2897 719 2934 a
737 2882 766 2935 L.
787 2881 917 2951 Scipione
940 2883 1064 2937 devictus
1083 2886 1134 2950 est,

122 2952 213 3006 Tauro
232 2955 314 3006 tonus
332 2969 450 3022 regnare
468 2953 559 3007 iussus
578 2954 659 3020 esset,
679 2996 685 3006 .
702 2996 706 3006 .
724 2996 742 3006 ..

189 3170 205 3217 3
232 3163 379 3232 Brogitaro
407 3165 483 3219 codd.
504 3167 558 3220 Cic.
668 3172 682 3218 7
709 3168 758 3220 lac.
778 3169 847 3235 3-1-
872 3173 954 3222 lom.
970 3194 1003 3212 =
1024 3173 1057 3220 11
1081 3170 1132 3223 litt.

121 3236 339 3302 παραδείγμα111
426 3237 475 3289 loc.
495 3237 545 3306 3ss
566 3239 598 3305 -{-
619 3236 669 3307 IV,
689 3254 738 3292 cm.
754 3264 787 3283 =
807 3242 842 3291 13
861 3240 911 3293 titt.
935 3241 966 3293 ἐκ
983 3245 1034 3293 τοῦ
1054 3242 1133 3293 ἐναν-

121 3307 203 3360 riou?
316 3311 349 3358 10
380 3306 559 3360 Prolemaeus
588 3310 612 3363 C
717 3314 750 3360 12
783 3310 833 3363 Iac.
861 3309 911 3380 4¹J,
941 3311 975 3377 -Ι-
1004 3310 1053 3381 1¹),
1083 3328 1132 3365 cm.

122 3378 280 3432 =14ata
304 3379 359 3432 ἀπὸ
382 3383 433 3432 τοῦ
457 3378 573 3443 ouoioo?
660 3385 693 3433 13
722 3381 850 3433 senatum
874 3381 897 3436 0
978 3386 1011 3433 17
1039 3381 1076 3433 ad
1100 3397 1132 3435 eo

123 3449 146 3502 0
217 3453 248 3500 19
278 3465 417 3516 εινοτερον
440 3456 592 3505 atramento
614 3451 708 3506 scr.O
787 3456 821 3504 20
847 3451 1013 3511 ueneration
1036 3453 1060 3508 0

111 3518 446 3574 recommemorent
468 3537 524 3589 mo,
543 3538 610 3577 corr.
630 3521 667 3577 Or
757 3527 790 3575 24
819 3511 868 3592 au
