2460 3816
463 167 577 221 INDEX
599 168 784 223 NOMlNUM.

110 329 243 384 Claudia:
262 329 371 398 rogatio
387 328 421 382 de
435 327 516 382 bonis
529 329 594 382 Pto-

130 401 231 455 lernaei
245 399 425 469 publicandis
439 417 494 454 occ.
506 406 548 467 95,
559 416 592 454 au.

129 491 153 526 9.
169 473 198 527 P.
214 470 335 526 Clodius.

109 543 244 597 Claudia:
263 542 309 596 lex
327 543 363 596 de
382 541 465 596 exilio
485 541 593 597 Cicero-

129 615 173 667 nis
192 631 246 670 acc.
262 619 323 681 104,
333 629 366 668 se.
385 631 409 667 o.
424 613 454 668 P.
470 612 592 669 Clodius.

109 684 245 739 Claudius
281 703 320 739 ea.
336 702 374 755 99.
389 685 410 750 f.
426 690 469 752 26,
479 700 512 740 aa.

109 757 219 825 Appius
239 703 372 809 ciiudius
392 755 496 810 Caecus
518 758 592 825 (cen-

128 845 173 882 sor
204 828 330 900 442(312)
362 828 437 880 riam
468 828 591 895 Appiam

128 899 248 952 munivit
279 916 349 952 acm.
376 905 435 963 102,
450 914 483 952 aa.
517 898 591 952 filius

126 970 353 1094 11119111·
373 970 446 1094 tt
458 968 592 1094 latit

128 1111 157 1166 P.
173 1110 287 1164 Clodius
305 1110 426 1164 Pulcher
445 1113 538 1179 (quem
555 1116 591 1182 o.)

127 1198 216 1250 genus
233 1181 365 1235 trahebat
382 1199 441 1251 pcc.
457 1188 500 1248 25,
512 1197 544 1236 re.

107 1253 137 1307 C.
163 1252 316 1321 (Claudius)
345 1251 494 1306 Marcellus
527 1271 590 1306 cum

126 1325 155 1378 L.
166 1323 286 1378 Aemilio
305 1323 393 1377 Paulo
414 1323 589 1378 consulatum

127 1395 215 1465 gessit
228 1412 301 1448 anno
316 1396 381 1448 ante
391 1395 498 1449 bellum
508 1397 589 1450 civile

126 1466 243 1536 (704(50)
264 1468 330 1535 (non
348 1465 398 1535 Μ.,
417 1469 450 1520 ut
469 1467 589 1521 scholia-

126 1541 170 1591 sta
189 1538 311 1607 scripsit)
331 1539 384 1592 abl.
401 1544 461 1604 120,
472 1554 505 1594 rs.

105 1608 135 1664 C.
161 1609 314 1678 (Claudius)
342 1610 492 1664 Marcellus
525 1628 588 1664 cum

124 1681 153 1735 L.
179 1680 306 1735 Cornelio
339 1678 457 1736 Lentulo
491 1682 587 1735 consul

124 1751 179 1806 fuit
199 1751 316 1823 (705(49)
335 1754 388 1807 abl.
405 1759 447 1819 26,
458 1768 491 1807 aa.

104 1821 144 1891 (C.
160 1823 303 1892 Claudius)
322 1823 405 1887 Nero,
425 1840 489 1876 cum
507 1839 587 1892 prae-

122 1893 468 1963 turamgessissetAsiam
476 1895 586 1962 provin·

123 1964 197 2016 ciam
222 1964 429 2016 administravit
455 1964 585 2034 (classo)

122 2035 329 2101 quaerimonias
355 2037 452 2087 contra
472 2035 586 2089 Verrem

121 2106 196 2159 latas
224 2105 340 2158 Romam
374 2104 476 2158 deferri
503 2106 586 2159 iussit

103 2181 300 2328 Pimoliiiips
336 2247 468 2315 eucher,
510 2248 584 2317 appr

122 2319 205 2372 Caeci
232 2319 319 2385 lilius,
348 2320 454 2387 primus
482 2335 585 2389 cogno-

121 2407 183 2445 men
212 2390 326 2444 Pulchri
361 2389 479 2459 acccpit.
521 2408 584 2444 cum

120 2461 217 2514 consul
233 2461 367 2533 (505(249)
387 2462 464 2530 apud
477 2461 584 2531 Drepa-

120 2549 186 2586 nam
205 2532 308 2586 multas
331 2549 415 2586 nares
435 2534 583 2601 amisisset,

119 2604 181 2657 dies
195 2605 222 2658 91
236 2605 314 2659 dicta
328 2607 371 2658 est
381 2604 583 2673 perduellionis

119 2691 137 2727 a
154 2674 246 2729 Pullio
268 2677 297 2729 et
315 2677 461 2729 Fundanio
484 2679 518 2732 tr.
534 2676 582 2745 pl,

119 2746 169 2798 sed
210 2747 278 2800 vitio
319 2747 510 2801 intercedente
553 2750 583 2800 et

119 2815 229 2870 actione
248 2819 358 2869 mutata
376 2821 496 2884 pecunia
510 2817 582 2869 mul-

118 2889 195 2940 tatus
214 2890 257 2940 est
274 2893 437 2953 9951271.

100 2957 208 3027 Appius
220 2956 351 3011 Claudius
363 2957 500 3028 (Pulcher)
516 2976 580 3012 con-

118 3030 161 3082 sul
184 3047 247 3083 cum
269 3029 299 3084 P.
320 3028 438 3082 Servilio
457 3028 579 3084 Isaurico

117 3101 172 3154 fuit
190 3100 307 3172 (675(69)
327 3103 383 3155 dat.
399 3106 423 3167 5,
434 3116 467 3154 ro.

99 3170 579 3242 AppiusClaudius(Pulcher)‚filius

116 3244 325 3311 praecedentis,
351 3244 383 3295 in
400 3243 430 3298 P.
451 3242 579 3296 Clodium

116 3314 269 3368 Pulchrum
291 3313 406 3367 infamis
428 3314 484 3367 fuit
506 3332 577 3368 acm.

115 3391 184 3452 86,9,
205 3385 303 3439 codem
321 3401 403 3451 anno,
423 3403 478 3454 quo
492 3385 580 3440 frater

116 3456 217 3510 incesti
231 3459 380 3510 accusatus
393 3459 443 3523 est,
454 3455 579 3510 11111199-

115 3528 160 3581 cia
178 3529 304 3582 vcrsatus
323 3531 366 3582 est
385 3527 513 3600 (sessor)
541 3528 578 3581 ad

149 3626 242 3666 Scholia
254 3627 380 3668 Bobisnsia
395 3628 430 3669 ed.
441 3629 609 3671 Hildebrandt.

1065 172 1132 236 273

667 342 730 382 enm
763 328 834 382 servi
861 329 941 383 missi
969 334 1048 399 sunt,
1081 334 1130 401 qui

666 400 859 453 testimonium
887 404 986 455 contra
1013 403 1043 459 P.
1068 403 1130 458 Clo-

666 471 745 524 dium
776 471 914 525 dixissent
945 490 998 527 aec.
1033 480 1075 540 28,
1096 491 1129 530 re.

665 544 779 610 praetor
806 543 923 614 (097(57)
955 545 1129 599 restitutioni

665 611 806 667 Ciceronis
823 614 986 668 adversatus
1001 618 1043 669 est
1056 634 1127 671 acm.

667 689 708 751 79,
716 701 736 739 a.
756 686 808 739 abl.
826 689 1020 753 1099119919
1039 705 1129 756 popu-

664 755 723 808 lum
760 755 883 826 graviter
919 755 1038 810 offendit
1072 776 1126 813 occ.

665 830 725 893 102,
741 843 773 881 rr.
811 827 908 894 itaque
936 827 1034 881 furtim
1064 846 1128 884 eum

664 897 701 950 ad
724 898 886 966 spectacula
905 900 1013 953 venisse
1033 899 1127 955 Cicero

665 969 806 1038 significat
820 986 890 1024 acm.
905 976 965 1037 102,
976 984 1008 1026 aa.
1029 972 1127 1026 eodem

664 1040 778 1094 consule
809 1042 871 1108 (700
881 1043 925 1109 54)
958 1043 1048 1096 oratio
1076 1060 1126 1111 pro

662 1111 778 1166 Plancio
801 1127 818 1163 a
872 1110 1025 1167 Cicerone
1049 1114 1127 1167 dicta

663 1184 707 1236 est
725 1184 777 1237 abl.
794 1187 897 1248 125,19.

645 1251 751 1322 clodia,
766 1253 876 1324 generis
890 1254 1004 1322 patricii
1014 1254 1126 1323 Claudii

660 1323 768 1378 femina
786 1343 840 1379 acc.
858 1330 899 1392 99,
910 1341 929 1378 9,
957 1327 1125 1381 cumfratre

661 1395 691 1449 P.
707 1396 804 1450 Clodio
827 1397 965 1450 incestum
984 1398 1125 1451 commisit

660 1483 731 1520 acm.
752 1473 843 1532 86,19.
870 1485 924 1521 ace.
946 1473 987 1532 28,
1004 1483 1037 1521 aa.
1066 1472 1125 1522 stu-

661 1538 740 1591 diosa
755 1537 878 1591 saltandi
891 1554 908 1590 a
919 1537 1052 1592 Sallustio
1067 1541 1125 1594 tra-

660 1608 736 1661 ditur
761 1626 813 1663 acc.
833 1614 875 1675 99,
890 1623 909 1662 e.
938 1610 1072 1663 maritum
1092 1610 1122 1675 Q.

659 1679 805 1733 Metellum
835 1678 958 1732 Celerem
990 1679 1054 1749 ipsa
1080 1682 1123 1736 vel

658 1750 688 1803 P.
709 1749 822 1804 Clodius
847 1750 1021 1805 interfecisse
1049 1752 1123 1808 dice-

659 1821 763 1875 bantur
782 1821 898 1892 (895,159)
918 1827 1078 1888 1199,104,1.

641 1891 789 1946 Clodiana:
826 1891 937 1961 rogatio
975 1894 1009 1947 de
1041 1895 1122 1949 bonis

659 1963 813 2018 Ptolemaei
850 1963 1030 2030 publicandis
1061 1985 1120 2035 peu.

660 2040 726 2101 95,4
745 2037 777 2104 (υ.
792 2034 822 2088 P.
838 2034 971 2103 Clodius).

640 2104 803 2160 Clodianus:
835 2123 889 2160 acc.
904 2123 941 2177 sp.
961 2107 981 2172 f.
1012 2111 1071 2175 126,
1087 2124 1120 2163 ro.

659 2182 718 2244 148,
729 2193 763 2231 so.
786 2195 845 2247 pec.
857 2179 896 2245 pl.
911 2179 931 2244 f.
953 2182 1038 2245 93,14.
1064 2180 1119 2233 dat.

653 2249 692 2316 pl.
702 2249 724 2314 f.
740 2254 824 2315 57,19.
845 2249 990 2317 secptra
1007 2255 1070 2317 83,9
1086 2253 1118 2320 (o.

656 2319 686 2374 P.
702 2319 834 2389 Clodius).

637 2389 667 2445 P.
687 2390 801 2444 Clodius
818 2390 939 2445 Pulcher
962 2390 1046 2460 (filius
1065 2392 1118 2462 Ap.

656 2461 756 2516 Claudi
783 2461 920 2532 Pulchri),
950 2462 1038 2516 frater
1066 2465 1118 2533 Ap.

656 2533 756 2588 Claudi
774 2533 888 2588 Pulchri
905 2538 1119 2605 999281901-

654 2608 780 2674 rataml).
819 2610 906 2668 1029
939 2608 967 2659 et
995 2604 1117 2670 Clodiae,
1147 2654 1152 2665 ,

655 2677 821 2745 quibuscum
846 2675 959 2728 infamis
985 2675 1040 2726 fuit
1061 2694 1116 2729 acc.

655 2750 1015 2812 86,1ο.9919.591.28,19.
1054 2762 1117 2798 cum

654 2817 756 2871 Caesar
774 2818 886 2885 praetor
900 2818 974 2869 essct
989 2815 1116 2886 (aaran),

652 2888 727 2940 intra
783 2886 967 2940 caerimonias
1022 2886 1117 2941 Bonae

652 2957 728 3012 Deae
737 2957 868 3011 muliebri
882 2956 986 3011 vestitu
1000 2957 1115 3011 indutus

651 3028 681 3081 in
718 3028 778 3082 eius
811 3029 924 3082 domum
958 3030 1116 3097 penetravit

651 3116 722 3154 aaut.
743 3105 811 3166 26,1
834 3101 1028 3166 incestumque
1052 3116 1115 3153 cum

651 3171 796 3240 Pompeia,
845 3170 971 3224 Caesaris
1016 3187 1114 3238 uxore,

651 3241 798 3296 commisit.
841 3259 904 3295 cum
931 3258 1025 3294 rumor
1059 3242 1114 3295 fer-

650 3316 728 3367 retur
753 3313 843 3366 virum
866 3312 1003 3366 sacrificio
1028 3313 1115 3366 inter-

650 3383 771 3451 venisse,
808 3384 838 3437 in
871 3383 970 3438 cellam
1001 3383 1113 3438 Habrae

651 3472 745 3510 servae
779 3455 906 3525 confugit
938 3455 1035 3523 ibique
1066 3457 1114 3509 de-

648 3527 802 3597 prehensus
835 3531 880 3582 est
909 3544 986 3579 uem.
1017 3532 1127 3586 ‘amu

938 3615 980 3658 KQ
