2460 3816
111 142 176 198 XVI
513 140 728 197 PRAEFATIO.

178 309 321 379 Quaestio
345 312 451 384 oritur,
465 312 576 369 utrum
597 311 652 369 has
671 314 854 370 correcturas
873 313 904 370 et
922 311 1129 371 adnotationes

115 398 153 467 02
176 418 211 456 ex
239 399 298 457 alio
325 399 374 457 vel
402 398 505 458 eodem
532 401 623 475 atque
648 398 674 458 0
698 401 901 475 manuscripto
924 400 1130 475 desumpserit

114 507 153 546 an
175 487 265 546 meris
290 489 468 548 coniecturis
496 489 581 546 nisus
598 488 700 546 textui
723 507 740 546 a
766 488 975 548 &constituto
998 488 1129 564 adscrip-

112 578 193 636 serit.
247 575 296 634 Ad
328 577 404 635 hanc
438 577 611 646 solvendam
642 577 790 652 imprimis
821 577 887 636 loco
919 577 987 635 Vat.
1008 579 1083 652 214,
1093 587 1129 636 24

114 665 298 724 adiuvamur.
343 665 391 723 Ibi
414 665 491 724 enim
516 665 555 724 ad
578 664 654 740 §15
678 665 860 724 Milonianae
888 665 1013 726 adnotat
1037 666 1064 726 0
1084 667 1129 726 ol·

112 757 205 812 terum
236 753 455 831 praeiudicium
487 753 658 815 Ciceronem
691 754 840 813 discutere
877 754 914 813 ab
949 755 1128 816 adversariis

111 843 277 918 prolatum,
307 845 494 920 rogationem
516 842 729 918 Pompeianam
752 842 879 920 scilicet,
904 842 942 912 02
962 862 1035 903 voce
1059 846 1128 903 olte-

110 949 178 991 rum
206 931 304 990 deleta
331 933 415 990 elisei
444 932 661 1007 suprascripsit.
712 932 777 990 Iam
805 933 902 991 elucet
927 931 964 1001 02
985 951 1044 990 non
1063 932 1128 993 ⁴‚duo

110 1020 295 1095 praeiudicia
317 1022 350 1079 in
372 1020 538 1079 Miloniana
560 1020 752 1098 distinguere,
765 1021 827 1080 sed
849 1021 950 1096 plura:
981 1021 1051 1081 addi
1075 1041 1127 1098 po·

110 1111 170 1168 test
195 1110 285 1185 plura
312 1128 402 1185 quam
428 1109 501 1183 tria,
528 1129 607 1167 nam
631 1111 661 1168 si
688 1110 724 1167 de
741 1109 847 1168 tribus
875 1109 1034 1187 cogitaret,
1058 1129 1128 1169 'non

111 1197 279 1271 altud,.sad
296 1199 417 1256 'teritum
438 1197 476 1267 02
498 1199 680 1258 correxisset.
727 1198 771 1257 De
794 1198 891 1258 tribus
902 1201 1015 1257 sautem
1037 1199 1127 1260 rebus

101 1285 228 1362 ¹(licere,
261 1289 422 1362 antequam
446 1287 484 1345 ad
506 1288 603 1362 ipsam
626 1287 844 1346 enarrationem
866 1289 961 1362 venit,
991 1288 1126 1362 disserit:

113 1375 330 1434 contenderunt
353 1375 516 1434 adversarii
538 1375 659 1435 Milonis
682 1375 729 1434 fas
751 1395 811 1436 non
835 1394 897 1435 esse
920 1376 1043 1451 homini,
1074 1378 1127 1453 qui

110 1464 261 1523 hominem
292 1465 470 1539 necavisset,
502 1464 615 1538 virere3
647 1467 801 1540 praeterea
837 1467 958 1525 senatus
990 1466 1126 1525 consulto

109 1553 171 1612 iam
189 1553 374 1612 damnatum
389 1573 469 1611 -eum
496 1571 572 1628 esse;
610 1554 736 1628 denique
759 1553 935 1629 Pompeium
962 1553 1060 1629 ipsum
1089 1555 1125 1614 de

110 1659 202 1700 causa
228 1642 384 1721 rogatione
410 1661 466 1701 sua
493 1644 597 1701 contra
620 1641 763 1701 Milonem
786 1643 971 1702 iudicavisse.
1016 1643 1124 1718 Itaqae

108 1733 194 1807 patet
216 1734 295 1789 recte
318 1730 396 1789 illud
418 1730 584 1791 ulterwmo
604 1730 751 1806 posuisse3
775 1732 860 1790 uliud
875 1751 950 1791 uero
975 1732 1127 1806 quomodo

108 1819 302 1897 intellegatur
318 1819 467 1894 explicari
488 1839 549 1881 uon
571 1837 667 1896 posse,
704 1820 809 1896 Neque
827 1821 914 1894 enim,
938 1821 1017 1895 quod
1030 1839 1123 1880 ,aceu-

105 1909 222 1968 -aatores
249 1911 433 1986 negaverant
455 1908 597 1968 Milonem
620 1909 719 1967 vivere
748 1927 847 1983 posse,
867 1909 950 1985 ‚quia
972 1910 1124 1969 hominem

109 1996 272 2071 occiderat,
307 1997 339 2054 id
374 1997 594 2071 prceiodieicm
629 1997 790 2057 scholiasta
826 1997 978 2073 appellare
1013 1999 1122 2074 potuit.

109 2084 188 2154 Quid
205 2087 425 2159 proaediciam
448 2088 500 2161 sit,
524 2087 686 2145 scholiasta
709 2088 853 2162 expressis
876 2086 973 2151 verbis
996 2105 1056 2146 non
1079 2086 1124 2144 di-

108 2176 159 2248 cit,
182 2178 283 2233 tamen
307 2194 342 2232 ex
364 2174 461 2233 verbis
486 2176 549 2233 eius
571 2177 604 2234 in
622 2176 828 2235 commentarii
847 2175 884 2233 ad
904 2177 1069 2234 orationem
1091 2177 1123 2233 in

109 2261 247 2322 Clodium
266 2265 296 2322 et
315 2261 474 2322 Curionem
493 2264 598 2339 scripti
615 2263 801 2340 praefatione
820 2258 928 2344 (20,12
944 2258 1022 2344 sqq.)
1041 2266 1123 2324 evin·
1156 2283 1161 2292 ·

108 2351 188 2410 citur
206 2353 424 2411 accusationem
442 2354 540 2429 ipsam
557 2353 775 2425 praeiudicium
794 2371 940 2411 eumnon
961 2353 1122 2429 appellare.

107 2439 173 2499 Iam
196 2441 331 2517 afferam,
359 2443 384 2500 si
411 2459 528 2500 necesse
552 2442 609 2517 est,
632 2441 706 2500 duos
728 2442 809 2500 locos
833 2440 1024 2516 Quintiliani,
1048 2461 1121 2518 quo-

107 2549 173 2588 rum
197 2529 305 2602 altero,
330 2529 402 2604 quid
425 2531 465 2588 sit
487 2529 715 2605 praeiudicium,
739 2533 904 2605 enarratur,
927 2530 1022 2589 altero
1045 2531 1123 2590 hanc

108 2619 306 2677 accusationis
333 2621 449 2694 partem
476 2619 514 2677 ab
541 2618 595 2678 illo
621 2621 701 2677 inter
722 2621 911 2692 prceicdicia
937 2638 997 2678 non
1019 2639 1122 2679 nume·

106 2709 168 2765 rari
191 2710 324 2784 apparet.
356 2707 393 2782 V,
409 2711 471 2783 2,1.
517 2707 772 2767 Prceicdieiorum
790 2709 836 2766 aas
858 2711 953 2769 ocreis
974 2709 1068 2767 tribas
1090 2710 1124 2768 ia

105 2798 260 2871 paraemias
281 2800 430 2856 versatur:
452 2797 547 2864 rebus,
571 2814 645 2869 qaue
668 2797 826 2870 aliquando
850 2815 884 2855 cs
901 2798 1029 2870 peribas
1051 2814 1122 2855 eca-

106 2886 148 2943 sis
170 2889 240 2944 saal
260 2886 399 2954 iaciente,
423 2904 497 2959 quoe
516 2885 646 2959 ecemplo
663 2889 768 2944 rectius
786 2886 923 2944 dicacior
938 2931 944 2944 .
960 2929 968 2943 .
983 2931 988 2943 .
1003 2887 1123 2946 isdmiis

107 2975 147 3032 cii
175 2977 272 3048 ipsum
299 2992 420 3035 cessem
436 3002 437 3005 ¹
441 2976 655 3049 pertinentibus
670 3019 675 3031 .
692 3020 716 3043 .,
745 2976 846 3046 qualia
868 2976 901 3032 iu
926 2973 1122 3049 Oppianicum

106 3063 186 3134 focio
209 3065 346 3122 dicuutur
369 3067 395 3122 ei
416 3082 436 3122 c
458 3068 562 3122 senaar
585 3064 726 3122 cdoesus
744 3063 900 3122 Milonem:
923 3066 976 3122 act
997 3081 1064 3122 cam
1087 3065 1122 3124 cie

107 3151 207 3209 eodan
239 3169 330 3209 cause
355 3154 581 3223 monastirium
612 3156 659 3210 esi.
714 3150 766 3224 IV,
786 3163 811 3225 2,
826 3162 859 3210 26
898 3153 1012 3211 ..uisi
1038 3154 1122 3224 ‘forle

106 3239 151 3298 M.
166 3239 295 3298 'Tulliae
326 3236 361 3297 ia
392 3241 520 3298 melmae
550 3241 764 3312 pulcherrirna,
800 3258 889 3312 quom
916 3258 974 3314 pro
1005 3242 1123 3301 Milone

105 3330 245 3400 seriptum
267 3329 392 3401 reliquit,
413 3329 491 3388 orcle
514 3328 660 3387 distulisse
676 3332 877 3388 sommiorum
894 3331 1122 3390 videtar‘iribas

100 3419 280 3490 praepositis
299 3419 527 3489 quaestionibus:
550 3422 603 3476 act
614 3421 776 3492 profuisset
795 3437 941 3492 seponere,
960 3435 1016 3492 qao
1033 3415 1121 3480 modo

105 3507 233 3565 iusidias
255 3506 365 3564 Miloni
387 3507 500 3578 fecisset
525 3504 657 3576 Clodius,
686 3510 712 3565 si
739 3525 834 3576 rewm,
863 3510 913 3580 qai
935 3524 1008 3565 e-se
1029 3507 1122 3569 ocra·
