2460 3816
105 149 246 204 XXXVIII
503 149 718 204 PRAEFATIO.

111 321 140 376 et
172 335 233 376 nna
265 317 410 376 columna.
461 319 566 393 Neque
598 337 667 376 vero
701 320 837 377 accurate
867 316 982 375 definiri
1014 319 1124 391 potest,

111 410 257 481 quantum
290 407 373 466 desit.
421 408 541 465 Eenim
574 408 717 466 orationis
751 407 980 464 commentarius
1012 407 1043 463 in
1075 424 1122 462 ex·

109 497 205 553 trema
229 496 435 570 quaternionis
453 496 550 554 LXIV
564 497 675 572 pagina
695 487 766 576 (43)
791 495 829 553 ad
851 494 939 552 finem
962 494 1122 569 perductus

109 603 170 642 non
193 586 246 659 est,
270 585 427 660 quaternio
442 584 538 642 LXVI
556 603 626 644 vero
641 585 820 643 Vatinianao
840 585 957 659 partem
981 582 1121 642 continet.

105 673 214 748 ltaque
241 673 273 730 in
302 676 497 749 quaternione
520 673 601 732 LXV
625 674 733 732 amisso
762 675 791 731 et
818 672 885 732 finis
910 671 1064 730 Sestianae
1092 675 1123 730 ot

106 761 229 820 initium
241 762 424 820 Vatinianae
443 764 589 837 scriptum
608 766 685 821 erat:
706 762 785 820 unde
805 762 901 820 elucet
919 780 1014 836 neque
1032 761 1122 820 huius

107 869 204 926 neque
235 850 315 910 illius
344 851 552 910 commentarii
574 851 684 928 integri
708 851 837 928 spatium
861 853 941 909 certo
965 851 1122 925 conputari

108 931 232 1020 posse.²)
279 940 392 998 Tamen
414 940 494 998 Maio
518 940 655 999 assentiri
679 959 739 999 non
762 939 878 1013 dubito,
903 939 966 1015 qui,
997 957 1064 996 cum
1090 940 1122 996 in

110 1026 248 1087 Sestiana
283 1048 379 1105 pauca
416 1029 525 1100 desInt,
560 1029 592 1087 in
619 1027 782 1088 Vatiniana
815 1031 845 1087 et
875 1027 1060 1105 prooemium
1092 1030 1123 1085 et

108 1116 313 1175 commentarii
345 1135 415 1193 pars
448 1118 486 1175 ad
516 1115 593 1192 §51
625 1118 663 1175 ad
692 1120 712 1175 4
744 1118 896 1194 pertinens
929 1116 1121 1190 desideretur,

105 1205 189 1265 illius
214 1209 364 1281 quattuor,
386 1207 475 1265 huius
499 1206 653 1266 duodecim
675 1207 801 1285 paginas
825 1206 949 1264 amissas
971 1223 1033 1263 esse
1053 1223 1120 1263 con·

106 1293 185 1353 iecit.
230 1294 338 1370 Itaque
367 1295 452 1353 credo
477 1295 632 1354 Sestianae
655 1297 901 1354 commentarium
924 1294 1074 1371 integrum
1096 1293 1121 1352 L

106 1383 233 1459 paginas
267 1386 297 1441 et
328 1403 420 1442 unam
452 1385 620 1444 columnam
653 1379 855 1459 occupavisse,
877 1383 1058 1441 Vatinianae
1089 1385 1121 1440 in

107 1475 238 1531 extrema
270 1473 380 1550 pagina
418 1474 622 1548 quaternionis
654 1472 752 1531 LXVI
784 1472 945 1532 desinentis
982 1471 1120 1531 XXVIII.

107 1560 249 1637 Sequitur
267 1562 344 1620 hunc
367 1562 531 1621 Planciana
559 1565 665 1638 coepta
692 1562 724 1619 in
746 1563 843 1637 prima
866 1561 977 1638 pagina
1001 1562 1120 1635 quater-

106 1651 203 1709 nionis
227 1649 339 1708 LXVII
362 1642 445 1730 (Vat.
464 1643 555 1733 182),
587 1652 624 1709 ad
651 1650 741 1709 finem
763 1650 906 1726 perducta
928 1651 960 1707 in
984 1650 1121 1708 columna

107 1739 206 1814 priore
228 1741 353 1798 ultimae
376 1742 505 1817 paginae
531 1739 735 1815 quaternionis
758 1739 839 1797 LXX
862 1731 1012 1818 (Ambros.
1034 1730 1120 1818 198).

107 1825 264 1886 Continuit
293 1829 388 1905 igitur
415 1829 532 1906 integer
558 1830 786 1888 commentarius
809 1827 910 1886 LXIII
936 1827 1063 1903 paginas
1091 1830 1121 1885 et

105 1935 197 1975 unam
225 1916 407 1992 columnam,
441 1938 455 1975 e
484 1916 591 1994 quibus
620 1920 778 1993 supersunt
801 1916 913 1974 XXXV
934 1916 1063 1993 paginae
1092 1917 1122 1974 et

106 2023 168 2062 una
191 2005 337 2065 columna.
383 2006 449 2064 Hae
473 2006 581 2083 quibus
605 2007 678 2066 locis
702 2005 856 2082 ponendae
884 2007 957 2078 sint,
990 2004 1122 2063 dubitari

105 2096 219 2169 nequit.
272 2094 471 2170 Excipiuntur
508 2097 643 2154 oratione
679 2095 715 2153 de
753 2113 819 2153 aere
857 2095 954 2152 alieno
990 2093 1121 2166 Milonis,

105 2200 182 2257 qnae
206 2183 323 2260 integra
347 2186 493 2258 qnantum
516 2185 608 2260 spatii
631 2184 819 2259 continuerit,
843 2183 880 2241 ob
904 2202 969 2241 earn
989 2202 1053 2240 rem
1071 2182 1121 2240 de·

106 2272 187 2329 cerni
215 2273 333 2346 nequit,
366 2274 437 2347 quia
464 2273 543 2332 inter
569 2275 711 2350 paginam
736 2275 809 2346 317,
839 2271 979 2330 ultimam
1001 2273 1120 2347 quater·

104 2359 202 2419 nionis
227 2359 323 2419 LXXI
346 2393 390 2402 —
414 2381 483 2420 nam
506 2363 617 2440 pagina
642 2364 704 2421 189
730 2361 876 2437 excipitur
898 2379 966 2437 pag.
988 2360 1050 2418 316
1075 2392 1119 2400 -

105 2453 134 2506 et
160 2451 237 2524 122,
266 2449 394 2525 primam
418 2451 622 2526 quaternionis
646 2469 704 2509 non
729 2451 854 2528 signati,
881 2467 950 2524 pars
974 2467 1121 2507 commen-

104 2538 177 2595 tarii
208 2537 373 2613 intercidit,
405 2539 478 2598 haec
500 2558 571 2599 voro
609 2543 721 2615 quanta
745 2538 836 2597 fuerit
871 2537 1028 2596 diiudicari
1060 2556 1120 2596 non

105 2629 213 2701 potest.
259 2628 362 2702 Neque
390 2648 460 2687 vero
488 2629 556 2704 plus
587 2647 677 2703 quam
704 2647 796 2686 unum
824 2627 1048 2702 quaternionem
1072 2645 1121 2684 ex·

106 2715 212 2775 cidisse
235 2717 397 2776 verisimile
421 2721 479 2792 est3
502 2737 539 2775 ne
559 2717 654 2775 dicam
673 2719 750 2775 hanc
768 2716 949 2775 invectivam
968 2735 1002 2773 ex
1020 2716 1119 2791 iurgio

105 2806 305 2880 conscriptam
339 2807 418 2864 haud
451 2807 572 2884 longam
605 2806 694 2864 fuisse
727 2805 881 2881 probabile
912 2822 974 2863 esse
998 2836 1040 2843 —
1064 2803 1120 2862 hoc

105 2898 219 2952 certum
243 2897 288 2953 est
312 2893 483 2954 Ciceronem
505 2898 565 2953 tres
589 2898 707 2954 tantum
731 2893 933 2953 accusationes
956 2891 1052 2951 Clodii
1074 2912 1119 2950 re-

105 2983 212 3056 futare,
236 3003 251 3040 e
276 2984 382 3059 quibus
406 2984 479 3044 duas
508 2986 570 3042 iarn
597 2984 629 3041 in
655 2984 845 3060 fragmentis,
878 3001 953 3057 quae
981 2981 1120 3040 lacunam

106 3071 298 3146 antecedunt,
331 3072 433 3146 diluit,
466 3073 501 3130 de
529 3074 620 3131 tertia
647 3090 717 3132 vero
744 3090 804 3130 non
831 3071 959 3130 multum
987 3070 1120 3146 proferre

105 3162 232 3234 poterat.
277 3160 385 3235 Itaque
408 3181 467 3220 non
491 3161 566 3218 mihi
592 3161 770 3237 persuadere
797 3179 917 3235 possum
941 3161 1119 3218 commenta·

104 3249 183 3306 rium
215 3248 282 3324 plus
315 3269 407 3325 quam
433 3249 579 3307 XXXIIII
610 3249 735 3326 paginas
769 3250 798 3307 et
829 3268 920 3308 unam
952 3250 1120 3308 columnam

106 3336 295 3397 continuisse.
332 3339 378 3396 Ex
401 3337 447 3396 his
471 3338 672 3414 supersuntX
694 3338 822 3415 paginae
846 3340 877 3396 et
894 3356 954 3396 una
973 3337 1120 3411 columna,

178 3528 203 3591 1)
222 3528 302 3580 Acci.
321 3527 399 3580 class.
419 3527 460 3594 II,
475 3543 506 3595 p.
521 3530 583 3582 167.
