2460 3816
126 169 167 232 14
493 167 565 223 PRO
588 168 618 222 P.
639 167 753 222 SYLLA

189 337 270 396 Nisi
301 337 395 396 forte
426 338 564 416 regium
595 336 664 396 tibi
696 336 841 396 videtur
871 337 925 396 ita
951 338 1073 396 vivere
1105 339 1136 396 et

123 427 255 486 relicum.

190 514 303 574 Decore
335 516 365 574 et
392 514 448 574 hoc
475 533 542 574 cum
570 514 754 574 sublimitate
781 515 927 573 maximae
954 514 1051 574 laudis
1079 516 1134 574 im-

122 604 222 679 pletur
319 622 355 663 ea
384 603 539 664 ostendens
570 604 666 664 inesse
697 603 828 663 moribus
861 605 934 678 suis,
968 623 1043 679 quae
1074 623 1134 663 non

5 692 9 699 “
90 702 92 706 ’
123 693 325 770 congruentia,
349 692 400 752 sed
422 694 574 752 contraria
596 694 657 752 sint
678 694 779 772 regiae
801 692 969 768 cupiditati.
1162 712 1174 752 e

34 787 111 848 §uo
189 782 263 860 Ego
290 782 406 841 tantia
435 800 526 840 ame
553 781 745 841 beneficiis
773 783 809 839 in
831 800 867 840 re
889 801 918 858 p.
941 782 1073 857 positis
1104 784 1133 840 si

121 871 260 929 nullum
297 869 397 929 aliud
431 870 520 929 mihi
551 871 748 946 praemium
779 869 821 930 ab
860 871 987 930 senatu
1022 890 1134 946 popu-

121 959 227 1034 loque
259 959 293 1017 R.
320 960 392 1018 nisi
423 959 610 1019 honestum
642 960 754 1018 otium
785 959 1022 1035 postularem,
1054 960 1133 1035 quis

121 1042 232 1125 (non)
255 1047 487 1107 concederet?

188 1134 322 1196 Glorioso
349 1138 381 1195 in
407 1136 485 1195 hunc
512 1137 610 1196 locum
634 1137 764 1196 decurrit
786 1139 886 1196 orator
911 1136 1049 1196 laudibus
1072 1138 1133 1196 suis
1147 1157 1174 1196 ro

121 1226 258 1301 plurimis
281 1225 432 1285 demeritis
455 1245 527 1303 erga
548 1243 611 1284 rem
633 1245 661 1301 p.
685 1225 831 1300 tribuens,
855 1225 934 1300 quod
955 1227 1048 1286 tantis
1071 1227 1133 1285 iam

121 1314 294 1390 perfunctus
303 1315 443 1390 periculis
452 1314 574 1374 honeste
583 1316 683 1390 posset
693 1314 730 1373 ab
740 1316 821 1373 omni
830 1314 931 1374 labore
940 1315 1132 1390 requiescere,

121 1405 179 1463 nisi
211 1404 326 1463 animus
358 1404 474 1479 patriae
502 1403 708 1464 devotissimus
735 1404 818 1462 nullo
848 1405 947 1479 posset
974 1405 1036 1462 otio
1064 1422 1132 1463 con-

121 1510 277 1552 senescere.
323 1492 364 1550 Et
385 1493 443 1566 hic,
467 1494 611 1567 quantum
633 1511 700 1551 mea
722 1493 823 1568 opinio
847 1494 904 1566 est,
929 1494 1064 1552 imitatus
1088 1495 1133 1553 est

122 1579 152 1640 0.
167 1579 344 1640 Gracchum:
363 1583 406 1641 sio
424 1582 503 1640 enim
524 1582 623 1641 atille
641 1580 691 1640 De
713 1581 853 1660 legibus
876 1582 1172 1660 promulgatis,1o

120 1672 155 1729 ui
181 1671 275 1746 ipsius
302 1670 393 1729 etiam
416 1669 572 1730 verborum
602 1671 711 1729 faciam
737 1671 932 1745 mentionem,
962 1669 996 1730 St
1022 1671 1131 1739 celem,

119 1761 232 1835 inquit,
264 1763 336 1832 apat
361 1776 412 1818 cos
438 1760 526 1818 corbo
552 1761 648 1833 facere
675 1763 742 1818 cto
768 1760 849 1818 cobis
870 1760 1035 1833 postulare,
1066 1777 1131 1818 cam

117 1865 220 1924 peace
250 1864 363 1906 sommo
395 1852 475 1906 ortus
506 1865 595 1908 ccccm
627 1852 653 1907 ct
683 1865 749 1908 cam
779 1849 903 1922 fratrea
928 1851 1050 1922 proptcr
1080 1865 1131 1907 cos

120 1939 291 2006 omisissem,
312 1954 365 1996 occ
387 1938 541 2010 quaequam
563 1938 598 1996 de
619 1938 653 1994 P.
669 1935 811 2010 Africana·
833 1941 859 1996 ct
884 1938 981 1996 Tiberi
1005 1935 1131 1998 Gracchi

119 2027 237 2100 familia
268 2027 328 2084 aiei
360 2042 409 2100 epo
441 2029 467 2084 et
491 2044 570 2100 paor
600 2030 787 2095 certaremus,
819 2029 852 2085 at
877 2029 1054 2099 palaemon?
1079 2028 1171 2086 lacero

120 2119 244 2189 ternpore
266 2131 311 2174 mc
333 2117 488 2187 quaerere,
514 2132 551 2174 ae
580 2133 600 2174 a
625 2117 715 2189 scope
735 2131 827 2190 peace
848 2119 980 2174 nostram
1001 2116 1132 2175 anteiret

121 2209 146 2263 et
176 2206 220 2262 ati
252 2203 353 2277 aliquo
379 2219 513 2277 propcpc
537 2206 650 2278 peraccis
677 2205 770 2263 nostri
796 2204 909 2278 reliquo
936 2207 1019 2274 creet,
1051 2205 1131 2264 hored

120 2286 229 2370 <scic>,
251 2310 292 2350 aa
314 2292 476 2351 lubentibus
499 2310 519 2351 a
538 2293 618 2351 cotis
640 2294 846 2366 impetrassem

32 2380 108 2440 528.
186 2381 341 2453 Etenim,
364 2381 400 2438 in
425 2398 492 2455 qun
515 2383 668 2440 civitate
689 2400 761 2440 rem
783 2383 923 2441 tantem
946 2383 1129 2460 gesserim,

119 2469 277 2550 memini,
307 2471 343 2527 in
377 2488 445 2544 qua
474 2469 560 2527 urbe
587 2488 721 2544 verser,
748 2471 932 2549 intellego.
982 2470 1129 2529 Plenum
1143 2487 1169 2526 re

119 2558 235 2616 forum
267 2559 320 2616 est
352 2575 472 2615 eorum
503 2558 695 2634 hominum,
733 2578 819 2634 quos
851 2578 914 2638 ego
947 2578 965 2617 a
996 2562 1128 2620 vestris

120 2645 322 2706 cervicibus
346 2645 481 2722 depuli,
503 2647 655 2721 iudices,
678 2667 697 2706 a
718 2650 804 2707 meis
827 2667 896 2707 non
918 2649 1061 2708 removi.

187 2780 227 2794 ...
248 2735 367 2810 quidem
380 2736 412 2793 in
427 2736 610 2796 orationibus
624 2737 761 2812 plurimis
782 2738 971 2812 frequentata
986 2735 1129 2812 Ciceroni,

120 2844 179 2900 qua
206 2825 291 2884 velut
322 2823 423 2883 divino
456 2825 586 2900 quodam
617 2827 724 2885 mentis
752 2826 896 2885 instinctu
925 2827 1129 2885 imminentem

119 2913 175 2972 sibi
198 2913 374 2989 providebat
395 2914 540 2973 invidiam
563 2918 594 2973 ct
616 2933 651 2973 ex
674 2934 709 2974 ea
727 2915 901 2990 periculum,
925 2914 1004 2990 quod
1021 2917 1127 2973 evenit.
1142 2930 1169 2970 eo

119 3001 231 3060 Verum
248 3003 323 3060 mihi
338 3003 427 3062 altius
443 3004 642 3063 consideranti
655 3005 731 3063 hanc
745 3023 870 3077 omnem,
890 3022 979 3079 quam
992 3004 1128 3062 localiter

187 3140 219 3189 15
238 3134 347 3204 Fragm.
364 3153 401 3191 or.
416 3136 494 3190 Rom.
510 3136 552 3190 ed.
568 3135 676 3204 Meyer²
694 3155 721 3206 p.
736 3142 787 3190 234
798 3154 857 3206 sqq.

186 3256 389 3313 3maxime0
461 3261 550 3315 lico.
570 3265 589 3314 2
607 3261 655 3315 liu.
673 3287 706 3306 =
725 3265 761 3316 32
780 3263 830 3317 litt.
851 3264 958 3317 ἐκτῶν
976 3262 1127 3316 ἀντιθέτων

119 3329 320 3395 (υλλογίῑεταιῖ
402 3330 531 3404 9<non>
546 3331 621 3386 codd.
638 3333 692 3388 cie.
765 3338 797 3386 11
817 3332 1001 3402 plurimisque
1019 3332 1127 3386 meritis

118 3401 263 3456 Frotsclrcr
276 3399 404 3469 plurimis
424 3402 458 3456 de
472 3402 579 3456 meritis
596 3403 633 3458 Or
702 3409 734 3457 21
755 3403 909 3459 interires}
977 3408 1010 3457 23
1025 3402 1127 3475 (scio)

117 3487 161 3526 mc
233 3477 267 3524 24
285 3488 329 3526 res
348 3473 597 3530 tantammodo.
664 3480 697 3529 28
717 3475 1126 3548 loc.4-{-1¹s,cm.=13tiit.

106 3543 231 3602 μαντεία
246 3545 337 3611 compl.
354 3545 447 3599 Halm·
470 3545 674 3615 χρηεμολογίαῖ
1046 3593 1048 3600 .
