2460 3816
414 180 524 250 magn.
540 179 666 234 xi-XH
689 187 704 247 1
724 186 810 235 e-re
1078 168 1121 246 39

104 348 266 408 secundum
293 366 448 407 numerum
475 342 623 425 pluralem
649 337 831 408 consuetudo
859 349 1048 410 celeberrima
1080 352 1121 410 sit

104 437 227 497 sordes
264 437 367 496 dicere.
431 437 497 496 Hoc
533 439 627 516 igitur
663 438 698 496 de
735 438 832 498 verbis
868 439 1031 499 rarioribus
1068 439 1119 498 ed·

104 529 249 586 notemus,

171 615 249 673 Non
273 633 339 690 quo
363 617 506 674 nationi
528 616 611 674 huic
634 634 697 694 ego
720 635 810 676 unus
835 618 987 676 maxime
1010 616 1120 676 fidem
1139 623 1154 683 t
1174 623 1199 670 9.

65 719 90 764 ·'5
105 705 280 782 derogem.

171 793 321 852 Localiter
353 839 381 850 ..
433 795 610 870 impleturus
643 792 763 854 Graecis
799 794 925 854 testibus
962 814 1022 854 non
1058 812 1120 855 esse

104 882 294 956 credendum,
318 901 376 957 quo
399 881 457 941 sibi
479 885 583 941 eontra
600 883 746 942 invidiam
764 883 943 958 mederetur,
966 886 1121 960 praemisit

103 971 160 1029 hoe
276 970 356 1046 qnod
392 974 466 1048 aput
497 969 624 1031 Graecos
738 971 856 1031 dieitur.
911 973 1008 1032 Tanto
1041 975 1121 1032 enim

104 1062 216 1129 maiore
240 1061 419 1119 anctoritate
443 1053 613 1136 proscindet
634 1061 755 1120 illorum
773 1062 806 1119 in
823 1063 1003 1122 testimoniis
1022 1061 1119 1121 dicen·

62 1167 90 1206 ro
104 1143 170 1226 <dis
194 1144 370 1226 levitatem>
394 1195 422 1208 ..
439 1195 444 1206 .
646 1189 648 1193 <

432 1236 562 1311 (Desunt
584 1239 627 1296 II
639 1238 794 1314 popinae.)

256 1416 303 1457 sas
342 1400 478 1474 privatae
510 1399 725 1476 indignationis
757 1399 876 1473 ulcisci,
913 1401 966 1475 qui
996 1401 1120 1461 moleste

103 1487 203 1545 ferant
226 1505 257 1545 se
279 1487 386 1546 Flacco
408 1487 560 1546 indicante
583 1506 745 1564 perpessos,

171 1573 237 1643 Qui
258 1577 452 1635 comitatus
470 1578 508 1634 in
530 1576 763 1651 inquirundol
786 1578 997 1636 comitatum
1020 1577 1119 1637 dico?
1138 1581 1153 1641 t
1174 1580 1218 1628 13.

61 1682 87 1722 15
102 1665 207 1722 immo
230 1683 314 1723 vero
338 1667 493 1740 quantus
518 1667 711 1724 exercitus!

170 1751 267 1812 Gestit
285 1753 461 1830 persuadere
478 1753 625 1813 iudicibus
639 1756 758 1830 praeter
770 1755 925 1813 levitatem
939 1752 1120 1813 Graecorum

103 1843 265 1918 plmimum
292 1843 421 1902 valuisse
448 1843 533 1901 Laeli
565 1845 744 1902 accusatoris
774 1844 836 1902 sive
859 1844 1024 1920 potentiam
1057 1845 1120 1902 sive

102 1933 248 2009 gratiam,
275 1933 310 1989 ut
336 1932 397 1990 illis
425 1932 589 1990 mentiendi
616 1951 676 1990 non
697 1933 817 1990 tantum
839 1933 979 1992 voluntas
1005 1934 1118 1992 insinu-

103 2022 212 2093 aretur,
235 2038 339 2078 verum
362 2022 453 2079 etiam
476 2022 635 2080 necessitas
658 2023 856 2099 irrogaretur.

59 2127 88 2166 ro
169 2107 260 2187 Lege
296 2109 361 2168 hac
392 2110 531 2168 recenti
563 2128 601 2168 ac
633 2128 724 2168 nova
758 2112 876 2170 certus
910 2112 963 2170 est
997 2112 1118 2186 inqui-

102 2198 232 2256 sitioni
255 2200 423 2257 comitum
446 2217 611 2257 numerus
635 2200 866 2258 constitutus.

168 2285 278 2365 Legem
300 2287 489 2346 iudiciariam
507 2286 626 2346 videtur
649 2287 815 2365 significare
834 2289 895 2347 sive
915 2306 933 2346 a
951 2287 982 2346 P.
993 2287 1118 2346 Vatinio

100 2373 222 2434 tribuno
245 2376 285 2451 pl.
309 2378 372 2435 sive
395 2376 432 2434 ab
456 2374 489 2444 Q.
512 2375 597 2435 Fufio
621 2374 730 2436 Caleno
753 2378 909 2452 perlatam.
946 2375 1119 2435 Pertinebat

60 2518 61 2525 ,
102 2466 203 2522 autem
239 2464 278 2523 ad
313 2465 445 2524 indicum
480 2465 682 2540 reiectionem,
719 2485 795 2541 quae
832 2465 922 2525 fiebat
957 2465 1119 2526 secundnm

60 2553 198 2630 relegam
220 2552 375 2612 Aureliam
406 2573 442 2612 cx
463 2554 559 2614 tribus
587 2554 739 2613 ordinibus
769 2557 953 2630 senatorum,
985 2556 1118 2630 equitum

101 2643 312 2716 Romanorum,
334 2643 523 2702 tribunorum
545 2645 736 2703 aerariorum.
772 2644 870 2721 Igitur
892 2662 928 2702 ea
950 2645 1015 2720 lege
1033 2662 1117 2719 prae-

100 2729 219 2789 finitum
242 2730 412 2805 videbatur,
444 2735 517 2808 quot
544 2751 666 2791 numero
695 2733 816 2792 comites
843 2731 951 2790 habere
979 2731 1118 2789 deberent

102 2821 155 2895 qui
185 2821 218 2878 111
245 2822 414 2896 provincias
441 2822 532 2895 irent,
564 2816 640 2898 (ut)
668 2822 886 2879 accusationem
917 2819 953 2876 de
985 2821 1117 2895 pecuniis

100 2908 273 2983 repetundis
304 2910 493 2968 instruerent.
545 2908 633 2967 Hunc
665 2927 734 2986 ergo
762 2908 898 2966 Laelium
925 2907 1021 2966 videri
1051 2909 1118 2966 vult

59 3012 87 3051 so
101 3014 324 3075 supergressum
364 2999 439 3076 legis
475 2999 562 3056 istius
598 2998 782 3074 praescripta
822 2996 985 3055 inciviliter
1021 2998 1117 3055 multa

100 3086 212 3145 fecisse.

169 3277 184 3326 6
204 3274 254 3327 lac.
269 3277 286 3326 4
300 3289 349 3327 cm.
360 3299 394 3319 =
409 3278 427 3328 9
440 3274 491 3328 litt.
511 3274 667 3340 ἀναεκευήν
685 3275 774 3342 suppl.
789 3274 816 3327 Ζ
849 3275 904 3328 ἀπὸ
923 3275 1041 3339 γένουεῖ

100 3345 186 3397 aare.
201 3343 254 3414 2¹s4
269 3360 363 3398 cm.=
378 3348 395 3398 5
410 3345 460 3400 litt.
481 3350 570 3412 εχῆμα
588 3346 676 3413 suppl.
694 3347 759 3398 Mai
813 3290 1009 3398 taonem:
1029 3345 1116 3398 91111.

99 3417 257 3482 cpdlniprc?
324 3415 454 3485 edicenll
475 3417 508 3482 0,
526 3417 615 3483 suppl.
632 3417 697 3468 Mai
765 3421 800 3468 12
816 3417 881 3482 llsas
899 3415 923 3467 (1
941 3414 1074 3464 essum
1088 3423 1138 3455 uic

99 3501 200 3538 causas
216 3485 282 3538 Mai
351 3492 384 3540 18
398 3486 608 3544 mentiendisO
643 3485 853 3541 insuaremrss
922 3486 961 3530 ‘ul
979 3471 1102 3539 ³³32ss

98 3561 134 3608 28
152 3555 225 3628 (ut)
244 3573 287 3612 mo
361 3564 396 3614 29
416 3576 465 3617 ero
488 3561 510 3619 0
