2460 3816
28 603 46 665 s
65 603 107 653 aa.

27 1137 46 1200 ξ
63 1138 107 1188 24.

130 161 173 226 74
523 159 595 216 PRO
619 159 758 216 MILONE

125 331 202 389 lium
219 329 291 388 tulit
309 329 472 408 adgregata
493 329 639 389 bonorum
660 330 852 390 multitudine
870 329 904 389 L.
918 330 966 390 hic
985 331 1145 406 Domitius,

126 419 165 477 ad
202 437 290 494 quem
325 419 459 494 loquitur
495 422 525 491 et
561 438 650 495 quem
680 420 747 479 vult
781 421 814 478 in
844 420 1014 496 praesentia
1044 436 1145 479 rorum

126 509 261 584 exempla
283 508 365 567 illius
388 509 510 584 pristini
531 509 644 586 vigoris
667 509 790 567 imitari.

193 594 302 665 Quam
324 597 366 656 ob
385 615 470 670 rem,
492 597 644 672 iudices,
667 597 922 673 utaliquando
941 596 984 655 ad
1001 614 1145 658 causam

126 687 331 762 crimenque
363 687 560 761 veniamus,
597 688 629 746 si
664 705 776 763 neque
812 687 925 746 omnis
963 687 1185 748 confessios

126 776 217 834 facti
240 778 296 834 est
318 777 507 834 inusitata.

192 863 257 924 Hoc
280 866 310 923 et
332 865 376 923 rei
456 883 547 939 quam
566 864 748 938 brevissime,
771 882 846 940 quae
865 881 956 940 snpra
973 865 1006 922 in
1023 864 1145 922 illarum

126 954 334 1028 quaestionum
365 953 545 1013 refirtatione
572 953 713 1012 disseruit
739 955 899 1012 transitum
926 953 985 1012 sibi
1012 953 1051 1012 ed
1077 971 1145 1012 nar-

125 1044 272 1101 rationem
294 1060 412 1119 parans,
435 1043 484 1101 cui
506 1043 555 1102 hic
577 1042 659 1102 locus
682 1044 856 1118 oportunior
874 1041 1005 1101 dabitur.

192 1131 224 1189 P.
240 1130 386 1190 Clodius
410 1149 486 1190 cum
504 1133 699 1190 statuisset
716 1133 811 1191 omni
834 1131 968 1190 scelere
986 1132 1022 1188 in
1041 1148 1144 1208 prae·
1158 1151 1185 1191 ro

125 1223 207 1279 tura
230 1240 357 1279 vexare
380 1239 453 1278 rem
475 1240 503 1295 p.

192 1309 431 1387 Vigilantissime
458 1308 735 1385 praeparationibus
758 1311 904 1368 instructa
931 1309 1064 1367 narratio
1088 1312 1142 1383 est,

125 1400 209 1458 cuius
228 1398 348 1474 quidem
367 1397 527 1458 secundum
545 1416 658 1457 morem
676 1399 735 1457 sibi
754 1398 1023 1456 familiarissimum
1042 1415 1060 1456 a
1077 1416 1142 1474 per-

125 1506 198 1547 sona
212 1489 303 1546 sumit
317 1487 478 1561 exordium,
497 1505 572 1562 quae
591 1487 750 1562 disciplina
763 1487 892 1546 habilior
905 1486 944 1545 ad
958 1486 1143 1545 docilitatem

65 1573 66 1576 ’
124 1576 157 1635 id
189 1579 234 1635 est
265 1572 347 1650 πρὸ(
454 1576 579 1635 videtur.
631 1574 855 1635 Consideremus
887 1577 989 1650 itaque
1013 1575 1051 1634 ad
1074 1593 1143 1635 con·
1157 1593 1184 1635 rs

124 1667 270 1724 lecturam
297 1666 446 1741 duplicem
473 1667 516 1724 sic
543 1667 762 1741 praemunitam
785 1661 938 1738 διήγηειν,
967 1666 1001 1722 ut
1024 1666 1054 1722 et
1075 1682 1142 1739 per-

27 1790 29 1794 *
125 1773 228 1829 sonam
244 1754 276 1812 P.
292 1754 378 1814 Clodi
396 1755 434 1814 ad
452 1753 591 1814 locandas
609 1755 731 1813 inimico
750 1753 874 1812 insidias
893 1753 1031 1812 idoneam
1050 1754 1143 1813 faciat

25 2562 43 2624 ξ
63 2563 105 2613 28.

125 1845 156 1902 et
168 1861 273 1903 causas
287 1844 417 1902 faciendi
430 1843 613 1902 validissime
627 1844 757 1902 instruat
773 1845 803 1901 et
817 1843 878 1900 alia
896 1843 1009 1900 semina
1027 1842 1143 1900 futura-

124 1952 192 1991 rum
215 1935 423 2008 quaestionum
446 1932 484 1990 ad
506 1933 708 1991 defensionem
726 1931 846 1990 Milonis
869 1932 1084 2008 pertinentium
1106 1925 1142 1990 ἐκ

124 2020 183 2080 τοῦ
273 2023 461 2098 praemuniat
483 2021 696 2095 sollertissime,
718 2023 811 2095 utque
833 2021 878 2078 ita
900 2019 1069 2078 moderatus
1087 2037 1141 2078 nec
1156 2039 1183 2078 ro

124 2109 186 2169 ullo
201 2111 399 2169 emolumento
416 2112 592 2186 provocatus
605 2104 710 2187 <n0n>
728 2110 913 2168 existimetur
931 2108 1007 2167 illud
1026 2109 1141 2168 facinus

124 2201 279 2276 cogitasse.
331 2198 413 2258 Haeo
440 2198 592 2274 explorato
619 2217 672 2274 per
694 2201 791 2256 totum
814 2215 933 2256 cursum
960 2198 1140 2256 narrationis

124 2288 211 2347 istius
226 2290 257 2346 et
269 2288 364 2347 multo
378 2289 468 2347 altius
484 2287 600 2347 adiecta
614 2289 793 2365 cogitatione
812 2288 944 2346 invenies
958 2288 1003 2345 ita
1017 2288 1142 2360 narrari,

20 2391 23 2397 ·
124 2378 158 2434 ut
181 2379 211 2435 et
233 2378 309 2436 hanc
332 2379 521 2450 relationem,
544 2378 592 2434 cui
615 2376 723 2452 duplex
747 2377 915 2434 coniectura
938 2375 992 2435 sub

448 2463 577 2538 (Desunt
605 2466 653 2524 VI
666 2465 819 2539 popinae.)
1157 2482 1184 2524 ns

267 2556 443 2632 genter
490 2552 586 2612 Simul
614 2556 643 2612 et
671 2553 708 2612 ad
735 2554 936 2612 innocentiam
962 2553 1082 2611 Milonis
1111 2555 1143 2611 et

124 2642 162 2702 ad
192 2644 404 2721 cogitationem
430 2644 604 2702 sceleratam
627 2643 658 2701 P.
683 2641 780 2701 Clodii
803 2643 923 2701 ferenda
945 2643 1141 2718 praestructio

192 2837 205 2884 1
235 2832 396 2902 adgretaO
436 2831 551 2885 adcreta
569 2849 596 2885 m
673 2831 932 2899 ipracscntiarum
949 2846 1043 2884 rerum
1063 2830 1141 2895 Ome,

123 2919 191 2958 corr.
204 2903 242 2958 Or
304 2903 374 2957 facti
388 2906 431 2956 est
445 2903 521 2958 codd.
533 2902 587 2958 ele.
602 2900 675 2955 facie
690 2902 728 2954 sit
743 2903 767 2957 0
842 2907 856 2954 7
872 2903 922 2956 luc.
933 2906 949 2955 1
959 2918 1007 2957 cra.
1020 2903 1052 2970 -Ι-
1064 2906 1080 2955 4
1091 2903 1139 2955 liu.

124 2976 399 3042 -1-2cna.=781itt.
473 2972 804 3028 aeueeeutotlone
879 2978 911 3025 10
931 2988 1013 3026 omne
1028 2973 1076 3028 Um

126 3051 159 3098 14
174 3045 206 3111 ll·
264 3051 296 3098 15
312 3044 917 3115 lae.5¹s‚em.=13litt.etpu9iuvsuppl.Zp
973 3049 1005 3097 16
1016 3045 1140 3111 διήγηςιν

124 3117 166 3185 Zp
220 3117 245 3167 Δ
336 3120 357 3168 Η
378 3117 535 3170 ...altera
554 3118 604 3169 lac.
623 3120 655 3180 2,
676 3116 764 3170 altera
781 3114 1034 3185 2¹s‚cm.eoatinet,
1048 3116 1141 3182 spatio

125 3189 176 3241 litt.
185 3188 275 3254 suppl.
285 3203 407 3256 eonpruc
459 3189 523 3238 uter
536 3187 690 3255 personaO
750 3191 782 3238 17
802 3185 970 3242 inimicosC
1040 3191 1073 3238 20
1089 3187 1139 3240 loe.

124 3259 185 3325 6-l·
198 3257 248 3327 47,
260 3274 308 3311 cm.
320 3283 353 3302 =
363 3261 400 3312 23
410 3257 461 3311 litt.
475 3259 625 3324 προεώπου
641 3261 686 3311 καί
701 3260 732 3312 ἐκ
745 3261 796 3324 τῆ(
810 3257 916 3311 αἰτίαεῖ
957 3259 1063 3324 utquae
1077 3258 1100 3312 0

123 3328 284 3381 moderetur
304 3328 342 3383 Or
364 3330 488 3380 moratus
509 3328 542 3384 St
612 3344 647 3381 ne
667 3328 706 3382 Or
795 3334 828 3381 21
856 3327 1072 3383 molumentoO

124 3399 237 3454 illuto
312 3405 346 3451 24
375 3398 440 3468 subl
464 3400 488 3454 G
508 3398 604 3453 subest
624 3416 667 3454 mo
746 3405 780 3452 26
807 3401 921 3468 ”genter
944 3400 968 3454 G
988 3398 1142 3467 diligenter

123 3471 165 3540 Zp
178 3469 321 3524 vincenter
330 3471 362 3526 st
415 3472 464 3526 lae.
476 3477 492 3526 4
503 3473 536 3539 -l-
547 3476 621 3525 iem.
629 3497 662 3516 =
673 3474 707 3524 18
717 3472 768 3525 litt.
779 3472 1086 3538 npcuopocueudletm?

114 3547 158 3589 27
173 3541 326 3595 reserenda
343 3542 380 3598 St
