2460 3816
500 133 610 202 Fragm.
631 138 726 185 2-14.
1080 130 1123 196 23

174 303 317 381 Augent
367 320 530 380 magnum
581 301 755 378 quendam
805 302 983 359 cumulum
1027 291 1228 414 aerisFffl·

107 393 236 465 alieni,
626 436 627 439 η

175 480 254 554 quod
277 499 337 539 non
356 482 456 555 posset
474 480 533 538 nisi
551 481 685 538 omnium
703 480 925 554 provinciamm
943 478 1122 552 spoliatione

108 569 238 628 dissolvi.

80 685 92 724 s
178 667 359 744 Ingemuit
382 667 529 744 gravius
552 664 718 724 timidior
742 665 886 740 quidam
909 663 1076 723 creditor.
1136 655 1228 724 Frem-

173 756 218 813 Ne
255 756 415 830 quaesieris
453 757 516 814 eius
548 773 720 830 personam,
757 753 793 812 de
826 772 884 828 quo
916 753 1035 812 videtur
1066 753 1122 811 hoc
1169 727 1194 778 X

107 844 211 902 dicere.
265 844 344 902 Nam
376 845 555 921 generaliter
585 843 686 921 fingit,
718 845 752 901 ut
784 842 952 917 desperatio
979 842 1122 917 pecuniae

105 933 323 1008 recuperandae
370 934 604 992 constemaverit
650 932 809 990 creditores
853 933 916 990 eius
957 932 1122 989 metuentes
1199 988 1201 992 Α

106 1022 219 1080 scilicet
240 1022 410 1080 revertendi
432 1022 616 1080 tarditatem.

65 1137 91 1177 1o
173 1116 375 1177 Confirmat
416 1138 451 1178 se
493 1121 651 1178 comitiis
698 1116 950 1177 consularibus
991 1106 1228 1176 RomaeFrgffl·

105 1208 275 1265 futurum.
1165 1177 1203 1231 XI

171 1296 300 1355 Aculeus
314 1298 369 1355 -est
392 1298 576 1371 asperitatis,
604 1315 674 1355 nam
702 1296 851 1371 plerisque
874 1297 912 1352 in'
933 1295 1006 1353 locis
1030 1295 1121 1353 inter-

104 1403 203 1443 versas
237 1384 274 1442 ab
307 1386 409 1443 eodem
437 1383 541 1444 Clodio
569 1387 743 1444 criminatus
772 1386 817 1443 est
848 1386 988 1459 pecunias
1021 1383 1121 1442 candi-

104 1473 250 1532 datorum.

63 1590 88 1629 15
170 1570 285 1630 Tanto
326 1573 426 1647 prius
469 1571 511 1630 ad
548 1572 727 1629 aerarium
762 1571 877 1643 venit,
918 1572 956 1627 ut
992 1568 1045 1628 ibi
1080 1559 1228 1628 neFrssffl·

104 1660 258 1717 scribam
283 1659 426 1735 quidem
450 1679 661 1735 quemquam
687 1659 899 1718 offenderet.

170 1756 254 1832 Aput
272 1760 421 1816 aerarium
440 1759 542 1817 sortiri
560 1758 729 1833 provincias
748 1758 778 1815 et
797 1759 967 1832 quaestores
987 1756 1123 1815 solebant

103 1848 133 1903 et
157 1845 283 1920 scribae,
311 1850 345 1904 ut
372 1865 427 1922 pro
455 1850 535 1905 certo
564 1849 734 1921 appareret,
761 1847 794 1903 in
823 1864 912 1921 quam
935 1847 1122 1921 provinciam

103 1935 150 1993 vel
174 1952 241 1992 cum
266 1953 324 2010 quo
347 1935 483 2010 praeside
506 1933 771 2011 proficiscerentur.
808 1933 954 1993 Ardorem
974 1933 1122 2009 quendam

62 2042 89 2080 ao
103 2025 213 2080 nimiae
233 2023 407 2098 cupiditatis
426 2025 528 2082 volens
548 2025 711 2098 exprimere
734 2024 891 2082 festinasse
910 2023 949 2081 ad
972 2025 1121 2081 aerarium

103 2111 188 2185 dixit,
211 2115 245 2169 ut
268 2114 360 2170 etiam
383 2112 548 2171 scribarum
571 2113 758 2188 praeveniret
782 2111 951 2171 adventum.

170 2209 237 2277 Qui
258 2199 379 2268 'omnia
403 2210 592 2268 sacrificia
615 2213 745 2269 nosset.
1134 2198 1225 2266 Frem-

169 2298 211 2356 Ut
233 2300 380 2357 incestum
401 2297 591 2377 significaret,
614 2298 711 2356 medie
734 2298 889 2374 suspendit
912 2299 1120 2371 elocutionem,
1147 2269 1211 2322 Xffl

102 2406 163 2445 non
185 2390 220 2444 ut
242 2388 419 2465 religionem
442 2386 657 2463 praetenderet,
681 2387 733 2446 sed
755 2389 790 2445 ut
813 2388 932 2445 crimen.

61 2501 87 2541 aa
171 2483 254 2543 Cum
282 2503 316 2544 se
341 2484 384 2544 ad
410 2485 550 2560 plebem
576 2487 735 2544 transire
758 2486 853 2544 velle
881 2485 1031 2559 diceret,
1059 2472 1226 2595 aelffin-

102 2574 232 2632 misere
255 2575 388 2632 fretum
410 2575 570 2633 transire
594 2576 748 2650 cuperet·

170 2660 318 2730 Quoniam
340 2664 476 2738 patriciis
500 2681 560 2722 non
582 2663 692 2721 licebat
709 2662 897 2721 tribunatum
917 2662 957 2737 pl.
977 2663 1119 2736 accipere,

102 2749 212 2808 idcirco
246 2769 276 2809 se
310 2749 430 2810 Clodius
467 2751 696 2810 denuntiaverat
728 2753 760 2808 in
792 2750 940 2825 plebeiam
971 2749 1117 2806 familiam

101 2840 308 2912 transiturum,
331 2840 368 2897 ut
391 2838 516 2914 adeptus
538 2840 616 2897 hanc
638 2841 818 2915 potestatem
846 2837 882 2895 de
905 2839 966 2896 suis
989 2839 1118 2896 inimicis

60 2927 312 2987 revindicaretur.
359 2926 403 2984 De
428 2922 527 2985 ‘freto'
553 2930 653 2985 autem
679 2927 759 3002 quod
782 2927 839 3000 ait,
861 2925 939 2984 illud
961 2925 1118 3003 significat,

102 3035 160 3092 quo
186 3014 289 3074 Sicilia
312 3014 349 3073 ab
372 3016 464 3074 Italia
486 3018 654 3091 separatur:
682 3017 714 3073 in
742 3034 801 3090 qua
829 3034 859 3075 se
886 3015 1041 3090 provincia
1065 3015 1118 3074 sub

103 3102 278 3182 (lVergilio
303 3105 504 3183 gratularetur
526 3103 606 3163 idem
629 3105 764 3162 futurum
787 3123 848 3164 esse
872 3106 1069 3189 quaestorem.

169 3369 185 3416 5
213 3363 336 3432 quadam
365 3364 388 3418 O
475 3368 509 3415 23
537 3362 694 3432 significare
722 3363 746 3417 0
814 3361 923 3416 medies
950 3362 974 3413 <l
999 3359 1141 3409 meum

100 3450 244 3515 maroc.
260 3435 342 3488 Krou
432 3439 466 3487 aa
492 3433 629 3490 diceres
719 3438 757 3487 aa
772 3422 1080 3486 suessanum

102 3510 136 3557 30
160 3504 268 3561 1llutO
345 3511 379 3560 32
406 3505 502 3562 eidem
523 3507 562 3564 Ol·
