2460 3816
100 182 215 240 XXXVI
497 175 712 233 PRAEFATIO.

100 371 168 432 pag.
190 350 252 410 266
277 368 336 408 666
359 345 479 406 initium
502 347 708 406 commentarii
730 349 872 406 tenemus.
917 346 1023 422 Itaque
1043 366 1113 423 pers

100 442 207 503 saltam
228 439 366 518 paginae,
389 453 465 512 quae
491 437 530 493 12
555 435 743 510 sequebatur,
767 437 978 495 commentario
1002 439 1114 495 oratio-

101 531 147 589 nis
171 531 316 605 occupata
338 526 404 584 erat
426 526 456 582 et
478 541 547 600 pars
566 525 706 600 paginae,
728 543 805 600 quae
825 526 887 584 256
912 524 1114 600 antecedebat,

100 618 174 678 item
207 615 417 677 commentario
450 617 596 688 occupata
625 617 697 672 erat.
742 613 872 674 Etiamsi
897 614 952 672 has
979 614 1114 692 singulas

99 709 201 786 partes
233 704 420 782 singularum
452 703 571 760 tantum
603 702 806 762 columnarum
839 702 930 762 firisse
962 721 1114 763 censemus

102 815 169 858 oum
205 791 434 868 subscriptione,
471 791 602 865 spatium
635 790 761 850 duarum
793 793 998 850 columnarum
1028 811 1114 867 prae·

101 884 210 945 sationi
237 880 442 942 commentarii
471 878 646 938 Flaccianae
673 880 871 957 suppetivisse
899 880 978 940 credi
1000 882 1114 956 nequit,

102 992 170 1035 oum
188 990 225 1031 ne
243 970 411 1029 Archianae
431 968 551 1042 quidem
569 971 629 1028 tres
649 969 803 1028 columnae
821 969 998 1044 suffecerint,
1026 970 1115 1029 Milo·

101 1064 209 1121 niauae
240 1057 387 1136 praefatio
419 1075 489 1116 vero
526 1057 594 1133 plus
632 1076 724 1134 quam
760 1060 904 1134 quattuor
936 1058 1115 1137 paginarum

103 1150 236 1227 spatium
259 1147 457 1222 occupaverit.
495 1145 561 1204 Hac
578 1146 807 1206 ratiocinatione
829 1148 911 1207 facta
930 1147 979 1206 illi
996 1150 1115 1224 quater·

102 1241 206 1300 niones
229 1238 299 1295 ante
323 1236 487 1294 orationem
510 1235 545 1293 de
567 1253 637 1314 rege
660 1236 861 1295 Alexandrino
884 1236 1014 1312 ponendi
1036 1239 1114 1296 sunt.

171 1324 384 1386 Commentarii
415 1325 558 1383 orationis
591 1323 731 1383 Sullanae
768 1325 899 1383 ambitus
935 1327 1024 1385 certis
1056 1328 1114 1384 ter-

104 1417 193 1477 minis
221 1411 423 1474 circumscribi
449 1432 509 1472 nou
535 1415 647 1488 potest3
684 1415 796 1472 servati
824 1413 909 1474 nobis
936 1416 1006 1474 sunt
1028 1414 1117 1473 XVII

102 1506 231 1584 paginae
250 1505 280 1561 et
297 1501 415 1561 XVIIII
433 1502 537 1561 lineae.
578 1502 682 1578 Neque
701 1502 792 1561 etiam
815 1505 960 1578 quantum
983 1503 1116 1579 spatium

103 1593 333 1653 commentarius
348 1591 491 1650 orationis
505 1592 537 1649 in
547 1589 684 1650 Clodium
698 1593 728 1650 et
738 1589 897 1650 Curionem
906 1591 1027 1651 habitae
1037 1610 1116 1650 oom-

102 1682 207 1759 plexus
230 1681 278 1754 sit,
302 1679 461 1739 diiudicari
475 1682 587 1757 potest3
610 1684 744 1740 servatae
765 1683 835 1739 sunt
853 1680 924 1738 XIV
937 1680 1067 1758 paginae
1087 1684 1117 1741 et

103 1789 165 1831 666
187 1770 331 1830 columna.
378 1768 480 1828 Tertia
507 1770 617 1843 oratio,
650 1771 733 1827 cuius
761 1768 890 1828 ambitus
918 1789 976 1829 nou
999 1769 1116 1828 definiri

103 1862 216 1938 potest,
245 1858 280 1916 de
306 1877 376 1936 rege
399 1857 600 1917 Alexandrino
629 1860 680 1917 est.
726 1857 812 1918 Hauc
839 1861 952 1918 certum
980 1861 1026 1917 est
1048 1858 1116 1934 plus

104 1967 195 2026 quam
222 1967 315 2006 unum
343 1947 568 2022 quaternionem
596 1948 799 2022 occupavisse,
831 1949 904 2024 quia
930 1949 963 2006 in
986 1950 1117 2007 extrema

104 2039 216 2117 pagiua
238 2036 305 2095 folii
328 2035 406 2111 quod
428 2039 563 2096 tenemus
586 2037 705 2113 signum
726 2036 930 2111 quaternionis
953 2057 970 2095 a
993 2036 1117 2095 librario

105 2128 249 2203 scriptum
273 2127 325 2184 est.
360 2124 442 2184 Inter
464 2125 542 2184 hanc
564 2127 594 2183 et
610 2123 801 2183 Flaccianam
823 2127 884 2186 tres
907 2127 1116 2200 quaterniones

106 2215 208 2276 amissi
235 2215 317 2288 sunt,
354 2213 454 2288 quarti
482 2233 541 2273 non
569 2213 627 2273 uisi
650 2214 709 2272 duo
732 2213 806 2273 folia
827 2217 950 2288 restant,
974 2233 1050 2290 quae
1074 2233 1117 2273 se-

106 2304 234 2364 cundum
258 2306 288 2360 et
310 2303 433 2361 tertium
457 2320 519 2361 esse
542 2304 603 2360 iam
627 2305 714 2361 antea
733 2302 942 2362 demonstravi.
978 2302 1118 2362 Partibus

105 2393 282 2452 Flaccianae
305 2392 430 2449 servatis
454 2392 610 2467 explentur
632 2410 738 2451 novem
762 2393 792 2450 et
814 2393 922 2469 viginti
940 2393 1069 2469 paginae
1088 2395 1118 2451 et

105 2501 165 2540 666
188 2479 338 2553 columna,
363 2498 428 2538 cum
452 2482 484 2538 iu
506 2499 573 2557 pag.
591 2481 651 2539 251
674 2482 705 2538 66
726 2482 788 2538 267
808 2482 926 2540 numeri
948 2483 1118 2556 quaternio-

106 2590 178 2628 num
201 2569 312 2628 servati
334 2570 394 2627 sint
417 2571 448 2627 et
469 2571 549 2628 inter
572 2571 634 2628 273
660 2571 690 2627 66
709 2570 772 2629 260
797 2573 886 2646 66666
911 2572 972 2628 271
998 2573 1029 2628 66
1054 2572 1117 2628 262

107 2659 216 2718 166666
238 2659 310 2733 hiet,
332 2659 445 2716 certum
469 2660 513 2716 est
536 2659 739 2733 quaternionis
752 2656 826 2716 LHI
843 2659 983 2718 intimum
1003 2658 1119 2732 folium,

108 2749 312 2823 quaternionis
334 2745 423 2804 LHII
450 2747 508 2806 166
536 2748 644 2805 intima
670 2746 745 2806 folia
768 2749 877 2807 amissa
901 2766 970 2807 essa.
1018 2745 1119 2806 (16661-

106 2840 174 2896 nuit
197 2855 266 2915 ergo
289 2836 518 2896 commentarius
544 2838 669 2912 integer,
702 2835 737 2894 de
760 2838 843 2895 cuius
870 2837 957 2895 initio
982 2838 1012 2894 et
1034 2855 1118 2910 prae·

107 2927 220 2985 satione
239 2927 301 2984 iam
319 2925 389 2999 dixi,
412 2926 538 3002 paginas
557 2925 663 2984 saltem
676 2923 709 2983 L.
741 2925 901 2984 Flacciana
919 2925 1066 3000 excipitur
1085 2944 1118 2983 ea

108 3015 251 3089 oratione,
284 3032 343 3089 qua
371 3012 472 3073 Cicero
504 3017 574 3089 post
604 3013 733 3072 reditum
764 3015 880 3074 senatui
908 3014 1021 3092 gratias
1050 3014 1118 3090 egit.

107 3104 153 3162 Ex
185 3104 241 3161 hoc
270 3104 483 3161 commentario
510 3105 644 3161 tenemus
671 3102 747 3161 (luas
774 3104 899 3180 paginas
923 3105 953 3163 et
975 3104 1049 3162 duas
1072 3120 1120 3161 66-

108 3192 238 3263 lumnas3
267 3191 402 3265 sequitur
423 3192 529 3265 oratio,
553 3210 612 3266 qua
634 3193 746 3267 populo
768 3192 881 3269 gratias
904 3194 973 3270 egit.
1021 3193 1120 3267 Atque

108 3281 327 3356 peropportune
360 3279 481 3353 accidit,
513 3280 593 3355 quod
624 3281 656 3338 in
688 3299 755 3357 pag.
776 3283 839 3340 262
872 3282 945 3340 haec
975 3281 1061 3339 illam
1088 3281 1120 3338 in

109 3372 215 3429 senatu
237 3367 371 3426 habitam
395 3370 535 3445 excipiat3
566 3371 611 3428 ita
635 3371 713 3428 enim
737 3372 893 3445 conputari
915 3372 1023 3447 potest,
1047 3372 1121 3445 6666

109 3457 228 3536 paginis
255 3457 311 3515 hae
339 3459 488 3517 orationes
516 3459 711 3517 constiterint.
757 3459 882 3518 lnitium
913 3459 1001 3517 huius
1031 3478 1120 3534 quae·

110 3547 216 3606 ationis
238 3546 400 3623 petendum
423 3549 468 3606 est
491 3565 525 3605 er
547 3567 669 3607 numero
693 3549 895 3623 quatemiouis
917 3547 950 3606 in
972 3567 1039 3625 pag.
1057 3551 1119 3606 211
