2460 3816
135 157 178 221 26
383 157 424 210 IN
447 156 609 211 CLODIUM
631 156 678 210 ΕΤ
702 155 899 212 CURICNEM.

132 326 243 385 banos
266 327 320 400 ita,
343 327 432 384 utin
455 343 486 385 se
507 327 662 404 ingenium
689 325 805 384 sobriae
827 327 962 401 virtutis,
990 327 1022 384 in
1046 325 1150 385 Clodio

133 414 246 473 indicia
268 415 421 474 foeditatis
446 417 476 474 et
499 415 643 474 dedecore
664 413 839 490 proscribat.
1005 477 1008 481 ,

26 497 118 566 Fsssm·
201 503 263 577 Tu,
287 505 348 578 qui
370 503 519 562 indutus
543 502 714 562 muliebri
736 506 836 564 veste
858 505 981 562 fueris.

29 566 120 621 ΧΧΠΙ
200 591 327 651 videtur
350 594 430 651 enim
449 591 568 651 croesus
591 591 697 651 habitu
719 591 858 651 menese
881 611 984 651 sexum
1006 594 1148 651 menceus

132 684 303 756 penetrasse
324 681 445 740 domum
465 679 494 739 C.
511 679 655 755 Caesaris,
678 684 712 739 ut
729 683 877 740 incestum
895 680 949 740 sub
967 682 1024 739 hac
1044 681 1147 740 fraude
1176 700 1188 740 s

133 772 340 828 committeret.
394 769 430 828 ld
462 768 640 829 describitur
673 815 737 844 ...,
773 773 808 828 ut
839 772 940 828 omnia
971 770 1149 828 liniamenta

131 859 327 934 turpitudinis
352 858 536 936 detegantur.

25 941 140 1066 {iffi-1
200 946 283 1006 Cum
307 948 490 1006 calantica
513 949 629 1023 capiti
652 947 991 1006 accommodaretur.

275 1055 380 1114 genus,
409 1055 467 1112 quo
490 1038 619 1095 feminae
642 1037 743 1112 capita
765 1036 919 1110 velabant,
946 1037 1002 1095 hoc
1029 1037 1148 1094 nomine

131 1124 289 1185 ferebatur.
337 1125 378 1183 Et
395 1124 538 1184 Afranius
562 1127 699 1184 meminit
721 1127 754 1182 in
778 1123 1012 1185 Consobrinis
1036 1127 1081 1183 ita
1104 1125 1147 1183 di·
1163 1143 1189 1183 1o

131 1231 212 1272 cens:
252 1213 326 1273 Cum
356 1216 484 1282 mitbrb,
516 1215 676 1274 eductieta
731 1212 876 1289 Inpudico
912 1216 1007 1291 igitur
1042 1212 1148 1272 habitu

131 1302 322 1361 erubescendi
345 1302 495 1362 dedecoris
525 1303 671 1377 quaedam
693 1302 789 1380 figura
817 1303 1002 1362 describitur.
1048 1301 1147 1377 Atque

130 1393 175 1450 ita
198 1409 230 1450 se
253 1394 283 1454 et
305 1393 338 1448 in
360 1392 487 1450 historia
509 1393 652 1466 temporis
675 1393 763 1451 huius
784 1393 1025 1451 commemoratio
1044 1389 1147 1449 habet:

131 1478 162 1538 C.
188 1477 322 1538 Caesaris
354 1479 504 1555 pontificis
532 1482 656 1539 maximi
685 1481 832 1556 praetoris
863 1480 944 1539 domi
969 1479 1148 1540 sacrificium

130 1569 273 1628 sollemne
310 1588 364 1644 pro
395 1570 506 1644 populo
538 1569 636 1627 fiebat.
691 1569 758 1628 Huc
789 1571 837 1628 vir
869 1572 977 1628 ornatu
1008 1567 1148 1626 muliebri
1163 1586 1189 1626 rs

131 1657 210 1732 quod
246 1659 416 1732 introierat,
458 1657 637 1717 sacrificium
676 1659 878 1717 instauratum
915 1661 968 1716 est.
1027 1657 1085 1717 Res
1110 1658 1148 1715 ad

130 1749 267 1805 senatum
294 1747 394 1805 delata
422 1750 474 1805 est.
520 1746 624 1805 Patres
653 1746 814 1806 conscribti
843 1746 1048 1821 decreverunt,
1071 1741 1148 1824 (ut)

130 1835 166 1893 de
199 1854 234 1894 ea
262 1853 294 1893 re
322 1853 382 1893 non
410 1836 498 1893 aliter
526 1854 615 1910 quarn
643 1834 680 1894 de
706 1837 822 1895 incestu
853 1839 1050 1910 quaereretur.
1102 1836 1146 1893 Eo

130 1925 254 1982 crimine
290 1942 358 1982 reus
399 1925 496 1982 factus
538 1926 584 1982 est
624 1923 656 1981 P.
691 1922 811 1983 Clodius
847 1923 975 1983 Pulcher
1015 1924 1147 1983 delatore

129 2011 162 2070 L.
185 2011 326 2086 Lentulo,
355 2014 408 2087 qui
434 2013 537 2072 consul
559 2014 619 2070 luit
646 2016 715 2089 post
742 2031 809 2070 cum
838 2011 868 2071 C.
892 2013 1046 2087 Marcello,
1079 2012 1147 2072 sub·
1161 2029 1188 2070 ro

130 2101 325 2160 scribentibus
350 2099 402 2159 Cn.
427 2104 457 2159 et
478 2100 512 2159 L.
535 2100 679 2161 Lentulis.
726 2100 858 2175 Aurelia,
883 2099 1018 2160 Caesaris
1041 2105 1146 2176 mater,

129 2191 215 2250 testis
238 2191 270 2248 in
292 2189 404 2249 iudicio
429 2190 531 2248 audita
555 2193 607 2248 est.
654 2191 699 2248 Ea
719 2209 774 2264 pro
797 2192 969 2249 testimonio
993 2190 1070 2248 dixit
1092 2208 1146 2249 suo

29 2314 33 2321 -
130 2280 213 2338 iussu
232 2298 300 2336 eum
319 2297 381 2337 esse
401 2279 570 2352 dimissum3
593 2279 672 2337 idern
692 2279 768 2337 dixit
788 2278 875 2354 Iulia,
898 2297 982 2338 soror
1002 2277 1144 2338 Caesaris.

130 2367 170 2426 Et
192 2370 294 2426 tamen
316 2368 480 2442 posthaec
503 2368 657 2427 absolutus
681 2370 733 2425 est.

22 2445 114 2569 Ἠῶ·
198 2454 322 2530 Credo,
354 2460 544 2531 postquam
576 2456 760 2532 speculum
791 2456 862 2514 tibi
890 2456 1050 2514 adlatum
1079 2459 1145 2530 est,
1160 2471 1186 2512 ss

86 2516 236 2622 Vlonge
258 2547 292 2602 te
317 2563 335 2603 a
357 2546 520 2620 pulchris
544 2544 669 2604 abesse
692 2547 851 2604 sensisti.

195 2633 399 2693 Festivissime
432 2635 521 2693 simul
549 2637 580 2692 et
606 2634 795 2692 nobilitatem
823 2636 938 2711 generis
967 2636 1146 2692 infamatam

129 2724 159 2780 et
182 2741 277 2782 mores
301 2724 444 2782 femineos
466 2725 499 2781 in
522 2723 636 2798 speculi
659 2723 908 2797 contemplatione
932 2722 1056 2796 detexit,
1087 2739 1145 2797 quo

128 2812 220 2869 ferme
252 2811 291 2870 ad
323 2812 535 2886 explorandam
567 2830 654 2870 curae
687 2830 757 2870 suae
790 2811 979 2889 diligentiam
1006 2812 1145 2869 mulieres

129 2901 174 2958 nti
197 2901 301 2958 solent.
348 2900 428 2979 Ergo
457 2904 487 2959 et
513 2901 700 2959 inliberalem
728 2900 855 2978 figuram
878 2900 986 2977 probro
1010 2899 1092 2958 dedit
1116 2901 1146 2957 et
1160 2915 1187 2955 so

128 2990 276 3047 maiorum
299 3007 420 3047 suorum
443 2991 677 3048 dissimillimum
697 2992 879 3048 contestatus
899 2992 951 3047 est.
988 2989 1068 3046 Nam
1086 2989 1146 3046 fuit

127 3078 183 3136 hoc
208 3076 350 3135 Claudiae
382 3079 516 3137 familiae
545 3097 707 3156 cognomen
739 3079 872 3137 inlustre.
919 3077 1035 3152 Quippe
1068 3079 1145 3135 anti-

196 3252 211 3298 2
225 3246 382 3314 perscribat
392 3245 425 3300 St
495 3246 681 3299 tincaestum
697 3247 721 3301 C
790 3252 805 3298 6
821 3247 987 3301 lacunela.
999 3250 1079 3300 =16
1093 3247 1144 3300 litt.

128 3318 294 3372 διατυπώεει
307 3318 478 3383 προεώπουῖ
560 3323 575 3370 8
595 3316 672 3386 capit
688 3318 711 3372 C
789 3322 804 3369 9
824 3318 874 3372 lae.
889 3317 941 3388 2¹s,
953 3334 1001 3372 cro.
1013 3343 1046 3361 =
1062 3321 1079 3371 7
1093 3318 1144 3372 litt.

129 3391 231 3453 κόεμου
247 3387 387 3457 suppllg
442 3394 474 3441 12
495 3387 602 3442 decoris
619 3390 691 3454 Ome,
708 3405 775 3443 corr.
791 3388 824 3443 St
878 3394 909 3441 17
930 3386 1005 3460 <ut>
1020 3387 1147 3442 Niebuhr

127 3475 171 3513 mo
244 3464 277 3512 18
295 3459 468 3513 incaestuC
542 3465 574 3513 19
594 3459 632 3513 Cl.
650 3460 713 3514 Ome
791 3465 824 3512 22
844 3460 943 3512 audita
960 3458 1001 3528 Zp
1019 3457 1060 3511 ita
1076 3459 1146 3513 Cin

116 3528 260 3580 rudrer'um
270 3529 360 3583 citata
370 3547 413 3584 mo
422 3531 507 3585 Bee'er
572 3536 605 3585 25
616 3530 729 3601 speculo
742 3531 765 3586 C
825 3535 859 3584 29
869 3531 975 3600 figurae
986 3545 1052 3582 suae
1063 3531 1146 3584 Beier
