2460 3816
518 187 534 248 a
554 184 703 236 ras-rae.
1050 181 1112 246 107

98 349 311 408 Accusatorem
333 350 412 408 hunc
433 351 528 428 igitur
550 350 662 409 mederi
680 349 841 426 aliquando
859 351 988 410 voluisse
1009 352 1053 408 rei
1076 371 1113 426 p.,

98 439 150 498 sed
172 439 320 498 utilitates
343 440 407 498 eius
429 438 625 498 labefactasse
649 439 841 498 demonstrat.

164 526 196 585 Ii
227 528 414 586 medentur
445 529 499 586 rei
529 547 568 602 p,
596 529 658 604 qui
685 530 854 587 exsecant
881 530 1018 604 pestem
1045 529 1112 586 ali-

97 634 202 691 quam
224 619 406 692 tamquam
429 618 602 676 strumam
625 619 802 676 civitatis.

71 725 83 764 s
166 702 277 763 Κατ...
292 704 434 764 definiens
444 707 541 780 aliter,
556 705 628 782 quid
637 707 678 765 sit
692 707 804 765 mederi
812 707 857 764 rei
870 723 912 782 p:
926 705 1113 764 incommoda

98 795 212 852 scilicet
221 796 250 852 ei
263 796 294 853 et
302 795 436 870 pericula
445 795 608 854 detrahere.
629 794 687 853 Sed
696 796 777 871 quod
786 796 830 853 ait
839 799 981 854 strumam
989 796 1113 854 deitatis

164 884 337 961 intellegere
360 882 513 959 debemus3
536 886 667 959 pertinet
685 886 765 942 enim
783 884 822 942 ad
839 885 938 960 ipsum
946 884 1113 958 Vatinium,

98 973 150 1047 qui
172 973 303 1031 traditur
325 973 418 1031 fuisse
441 975 588 1032 strumosa
611 974 688 1031 facie
711 975 741 1031 et
763 974 914 1032 maculoso
937 991 1067 1048 corpore.

165 1060 232 1118 Sed
268 1061 355 1119 mihi
392 1063 510 1120 oratio
547 1064 600 1121 est
637 1080 712 1120 cum
744 1064 895 1136 virtute,
932 1082 1000 1120 non
1037 1064 1213 1127 αιιιαέ1384

57 1172 83 1210 10
98 1149 251 1224 desidia,
275 1169 351 1208 cum
374 1151 569 1228 dignitate,
592 1170 660 1209 non
684 1169 760 1209 cum
782 1151 980 1227 voluptate.

212 1239 319 1314 implet
333 1239 570 1298 exhortationem
583 1239 679 1298 bonae
693 1242 791 1300 aeetae
806 1240 845 1298 ad
858 1241 1113 1299 conservationem

96 1329 140 1384 rei
159 1348 186 1403 p.
202 1329 387 1402 pertinentis.
419 1329 488 1387 Non
507 1329 596 1387 aliter
614 1332 645 1388 et
662 1328 701 1387 M.
719 1329 792 1388 Oato
810 1331 843 1387 in
860 1331 958 1406 legem
972 1326 1112 1387 Orchiam

97 1417 250 1474 conferens
274 1435 321 1491 ea,
349 1435 425 1492 quae
449 1419 545 1476 virtus
569 1463 634 1492 ...,
656 1420 692 1476 ut
719 1437 851 1477 summae
874 1419 988 1495 gloriae
1011 1420 1112 1476 sinta

91 1506 209 1563 virtute
236 1505 467 1581 proficiscentis,
495 1507 645 1566 dedecoris
668 1525 738 1565 vero
761 1508 916 1583 praecipui
943 1508 1112 1565 existimen-

56 1595 155 1667 ratur,
179 1613 254 1670 quae
277 1595 416 1670 voluptas
440 1596 564 1654 suadeat
586 1615 646 1654 non
669 1598 732 1654 sine
755 1596 822 1654 labe
844 1597 996 1655 vitiorum.

162 1682 195 1740 L.
216 1681 378 1759 Opimius
401 1684 655 1762 indignissime
678 1685 846 1743 concidit.
1131 1684 1213 1746 514⁰·

163 1773 203 1829 nt
218 1772 377 1832 Sallustius
397 1776 501 1832 auctor
520 1775 564 1832 est
582 1775 614 1831 in
630 1773 708 1831 bello
723 1773 900 1850 iugurthino
914 1770 947 1830 L.
959 1769 1111 1847 Opimium

96 1860 231 1938 Mamilia
245 1862 310 1939 lege
320 1862 503 1935 damnatum,
518 1862 597 1937 quod
606 1863 757 1921 videretur
766 1864 798 1919 in
808 1861 1011 1939 ealegatione,
1022 1880 1112 1936 quam

97 1968 163 2007 cum
173 1952 278 2010 ceteris
287 1951 407 2010 functus
417 1952 463 2010 est
471 1951 867 2028 aputIugurtham,pecunia
877 1953 1111 2026 essecorruptus.

164 2099 242 2162 θεας.
266 2094 301 2159 cf.
321 2092 375 2146 Oie.
396 2092 433 2146 ad
450 2093 508 2146 Att.
523 2091 549 2145 H
569 2098 597 2159 9,
617 2099 641 2147 2.
669 2092 741 2146 Plut.
762 2092 817 2147 Cic.
838 2099 861 2147 9.
882 2099 916 2148 26
936 2097 981 2160 (aa
1003 2095 1112 2148 Tironis

97 2166 175 2219 libris
192 2167 225 2218 de
242 2167 309 2220 iocis
330 2163 508 2232 Tallicamf).

164 2242 195 2288 11
207 2253 261 2305 sqq.
282 2235 395 2289 Oatonis
414 2251 486 2304 quae
507 2237 603 2289 extant
622 2235 664 2288 ed.
680 2235 785 2290 Jordan
803 2254 829 2305 p.
846 2242 887 2290 53.

165 2313 197 2360 17
213 2306 279 2361 Sall.
290 2307 348 2376 Iug.
361 2313 403 2373 16,
414 2313 438 2360 2.
455 2312 470 2360 3
485 2307 629 2360 decretum
646 2307 687 2374 fit,
705 2307 748 2361 uti
768 2308 864 2361 decem
882 2306 971 2376 legati
984 2321 1110 2377 regnum,

97 2378 172 2445 quod
191 2377 310 2447 Micipsa
334 2378 505 2444 obtinuerat,
529 2379 603 2432 inter
619 2378 784 2447 iugurtham
808 2381 836 2432 et
854 2376 1044 2432 Adherbalem
1069 2377 1111 2433 di-

95 2449 229 2503 viderent.
264 2449 348 2504 Ouius
366 2449 517 2519 legationis
535 2448 665 2518 princeps
684 2449 740 2503 fuit
757 2450 787 2504 L.
803 2449 939 2519 Opimius.
1039 2447 1112 2503 Eum

96 2519 231 2589 iugurtha
313 2521 524 2575 accuratissime
541 2521 661 2590 recepit,
681 2521 775 2576 dando
795 2523 824 2575 et
841 2520 1001 2591 pollicendo
1020 2520 1111 2574 multa

96 2591 228 2660 perfecit,
250 2593 294 2645 uti
312 2592 418 2657 famae,
442 2592 521 2660 fidei,
545 2594 686 2662 postremo
706 2592 834 2647 omnibus
854 2594 911 2646 anis
933 2591 1016 2646 rebus
1036 2609 1111 2646 com·

96 2663 211 2716 modum
238 2663 312 2732 regis
340 2663 498 2717 anteferret.
550 2669 592 2717 40.
625 2664 740 2717 Interim
772 2663 879 2717 Romae
911 2662 938 2716 O.
968 2662 1111 2715 Mamilius

96 2733 268 2800 Limetanus,
287 2733 416 2787 tribunus
430 2734 530 2803 plebis,
551 2735 726 2802 rogationem
741 2735 777 2786 ad
791 2733 928 2803 populum
941 2732 1111 2802 promulgat,

97 2805 140 2857 uti
159 2807 340 2872 quaereretur
358 2804 458 2871 ineos,
477 2822 596 2872 quorum
613 2805 729 2858 consilio
743 2805 879 2874 iugurtha
894 2804 985 2857 senati
999 2804 1111 2856 decreta

96 2874 273 2944 neglexisset,
294 2875 398 2942 quique
413 2875 448 2927 ab
464 2891 496 2928 eo
511 2875 541 2927 in
559 2874 749 2944 legationibus
769 2877 819 2928 aut
832 2874 958 2943 imperiis
977 2874 1110 2943 pecunias

98 2945 272 3014 accepissent
363 2944 417 2998 Oic.
432 2946 509 2998 Brut.
525 2945 640 2999 XXXIV
650 2951 700 2998 128
724 2945 798 2999 Nam
811 2945 950 2998 invidiosa
963 2945 1026 3014 lege
1041 2946 1111 3015 (Ma-

96 3016 177 3070 milia
191 3017 328 3086 quaestio)
390 3017 420 3070 L.
432 3015 575 3085 Opimium
638 3015 794 3070 Gracchani
808 3016 915 3070 iudices
930 3015 1109 3070 sustulerunt.

164 3157 179 3204 a
199 3112 403 3206 scammate
473 3155 489 3203 a
509 3130 715 3206 exsecant
767 3157 783 3205 a
799 3150 1111 3221 u0.51s,en.†ara.

98 3276 196 3346 †31(,
212 3279 356 3331 cm.=50
370 3278 421 3331 litt.
495 3220 710 3347 tgth'tiht'l'ls
783 3277 1040 3331 aac.3rm.=7
1057 3276 1109 3330 lia.

96 3347 220 3412 niorto(
238 3349 327 3417 suppl.
344 3349 410 3401 Mai
427 3347 503 3402 ἰδίω(
521 3348 563 3418 Zp
612 3380 615 3384 Δ
640 3353 655 3400 9
675 3347 765 3400 omnis
784 3346 873 3400 oratio
891 3346 968 3401 codd.
984 3347 1038 3401 Cic.

98 3423 130 3470 11
143 3419 192 3472 loc.
204 3418 253 3489 5¹s,
262 3436 351 3473 cra.=
363 3424 397 3472 14
407 3419 457 3473 tia.
467 3420 540 3484 μάλα
549 3423 710 3486 παθητικῶς
719 3419 871 3486 supptLeo
908 3417 1118 3470 exortationem

98 3490 123 3543 0
183 3494 216 3542 13
236 3491 286 3544 loc.
300 3491 384 3544 indic.
397 3492 463 3544 Mai
498 3489 549 3562 <et
562 3505 636 3561 quae
648 3488 971 3559 uoluptashordnifous
983 3482 1141 3542 comam&

97 3559 188 3631 ita,>?
259 3567 293 3614 17
310 3561 458 3632 Iugurtino
478 3563 529 3619 Ora
603 3567 641 3619 ie
661 3573 721 3618 nea
740 3559 848 3631 proin
864 3572 906 3609 ea.
922 3555 947 3607 O
