2460 3816
533 153 548 215 ς
568 154 681 202 ae-ca.
1067 148 1108 212 15

96 318 200 376 intulit
234 362 297 391 ...‚
329 319 458 377 occurrit
485 317 641 381 vehemens
673 318 704 375 et
735 316 774 376 ad
805 334 925 376 causam
950 316 983 375 P.
1008 316 1109 392 Syllae

97 406 256 466 salubriter
295 407 446 481 pertinens
487 407 592 466 virtus.
659 405 739 465 Nam
780 423 847 464 oum
886 406 919 464 in
958 407 1110 483 praesenti

97 497 282 555 exsecutione
300 497 427 555 testetur
445 496 583 554 extinctis
601 496 663 553 iam
682 495 819 570 plurimis
840 493 975 554 hostibus
993 496 1110 570 patriae

97 602 250 661 superesse
285 586 387 643 tamen
422 583 666 658 innumerabiles,
706 585 758 659 qui
794 582 852 642 sibi
890 601 995 642 nocere
1031 584 1109 642 votis

71 673 270 742 sordentibus
286 674 418 751 cupiant,
436 673 492 732 hoo
505 673 569 732 sine
588 671 678 731 dubio
696 673 841 747 relinquit
857 671 991 732 iudicum
1008 674 1109 731 tacitis

98 761 339 840 cogitationibus,
364 780 527 837 numquam
550 779 581 820 se
604 761 643 820 ad
666 761 881 820 defendendum
905 760 1020 837 Syllam
1042 779 1110 836 pro-

98 863 246 910 cessurum
287 852 391 925 fuisse,
427 852 453 910 si
494 870 561 909 eum
592 851 641 909 vel
675 852 761 909 tenui
797 851 898 925 aliquo
935 851 1110 928 argumento

98 941 222 999 sensisse
244 959 311 1000 cum
338 939 473 998 hostibus
499 941 544 999 rei
570 960 599 1017 p.
623 941 836 1015 suspicaretur,
864 941 912 998 cui
934 938 1110 998 minuendus

99 1031 175 1086 esset
196 1029 278 1088 illius
302 1029 515 1088 coniurationis
538 1046 691 1104 numerus,
718 1047 755 1087 ne
778 1029 877 1104 plures
904 1030 936 1086 in
958 1029 1111 1104 posterum

17 1108 19 1110 ’
59 1135 83 1175 ro
99 1116 156 1176 sibi
178 1120 308 1176 reservet
329 1119 474 1176 inimicos.

161 1203 260 1274 Quod
278 1224 354 1264 cum
371 1207 402 1265 is
420 1204 588 1266 tribunus
606 1207 651 1282 pl.
666 1205 766 1280 facit,
781 1207 842 1282 qui
860 1223 949 1266 unus
965 1205 1111 1264 videtur
1128 1209 1143 1270 ἕ
1163 1209 1205 1258 31.

99 1314 138 1353 ex
164 1294 246 1353 illis
274 1294 316 1352 ad
343 1294 517 1373 lugendos
545 1297 754 1354 coniuratos
780 1296 947 1369 relictus,
975 1295 1110 1353 nemini

98 1385 225 1442 mirum
248 1386 315 1457 est3
342 1383 502 1443 difficile
526 1387 580 1443 est
602 1386 696 1442 enim
718 1386 852 1458 tacere,
880 1403 956 1443 cum
979 1383 1109 1442 doleas.
1189 1452 1191 1457 y

164 1471 332 1531 Insectatur
358 1472 475 1532 invidia
501 1474 613 1532 maiore
637 1472 822 1548 Torquatum
849 1474 892 1547 et,
920 1491 987 1532 oum
1010 1473 1051 1531 sit
1073 1471 1109 1531 ab

59 1580 84 1620 re
98 1563 151 1620 illo
179 1563 243 1636 ipse
269 1561 462 1636 reprehensus
496 1563 582 1636 quasi
607 1563 723 1621 mutato
751 1562 905 1637 proposito
937 1562 1111 1634 voluntatis,

100 1652 151 1725 qui
166 1648 314 1709 Catilinae
330 1652 511 1727 oppresserit
524 1652 768 1725 coniurationem,
786 1650 844 1709 reis
859 1652 960 1708 tamen
979 1649 1111 1709 eiusdem

99 1741 230 1799 oriminis
254 1741 467 1814 patrocinetur,
489 1757 574 1798 versa
598 1738 815 1814 quodammodo
838 1740 903 1797 vioe
921 1739 1020 1814 ipsum
1038 1739 1110 1797 Tor·

100 1830 223 1902 quatum
247 1829 333 1903 quasi
360 1828 543 1887 defensorem
566 1829 779 1888 coniurationis
806 1827 962 1887 insimulat
985 1829 1016 1887 et
1038 1826 1112 1886 dicit

98 1918 213 1975 imitari
241 1935 308 1975 eum
340 1916 494 1975 tribunum
520 1917 575 1991 pl.,
607 1918 659 1991 qui
690 1916 813 1975 moleste
842 1934 953 1992 poenas
980 1917 1111 1975 bostium

59 2022 85 2062 ao
98 2004 285 2080 publicorum
325 2005 411 2064 ferat.
475 2003 631 2083 Significat
671 2004 811 2064 videlicet
845 2004 878 2064 L.
917 2003 1111 2081 Calpurnium

98 2095 231 2153 Bestiam
241 2096 346 2153 sive-
356 2113 426 2153 nam
435 2095 467 2152 et
479 2095 535 2152 boc
544 2095 689 2169 suspicari
702 2111 905 2171 possumus-
918 2093 1112 2164 Q.Metellum

98 2183 253 2258 Nepotem.
303 2182 376 2243 Post
407 2182 487 2258 quod
516 2183 683 2258 exemplum
788 2185 829 2242 1η
847 2183 905 2242 fine
932 2184 1111 2242 sententiam

98 2273 211 2347 posuit,
245 2272 324 2347 quod
355 2290 447 2351 genus
478 2272 681 2342 inTullianis
714 2272 906 2349 orationibus¹
929 2291 1030 2332 rarum
1057 2273 1110 2332 est.

99 2361 231 2434 Difficile
263 2364 317 2430 est,
351 2362 465 2436 inquit,
501 2365 607 2430 tacere,
643 2379 708 2420 curu
739 2363 845 2422 doleas.
902 2361 996 2420 Dolor
1032 2362 1112 2420 enim

59 2467 85 2507 ae
101 2448 277 2524 quibusdam
316 2452 473 2510 tormentis
510 2452 603 2509 animi
643 2450 807 2510 laborantis
848 2450 955 2511 effusus
992 2450 1031 2509 ad
1066 2451 1110 2508 in-

99 2539 279 2613 patientiam
300 2541 381 2598 voois
405 2541 543 2616 erumpit.

166 2625 233 2695 Qui
259 2627 381 2687 filium
408 2646 508 2687 suum
536 2630 613 2688 vita
640 2630 816 2704 privavit,
843 2630 882 2687 ut
909 2629 945 2686 in
973 2628 1110 2686 ceteros
1130 2628 1145 2688 t
1165 2627 1206 2676 32.

99 2715 266 2775 firmaret
288 2717 485 2792 imperium.

166 2803 211 2862 De
230 2804 347 2864 familia
366 2805 512 2880 Torquati
533 2807 688 2864 mutuatur
706 2804 881 2880 exemplum,
905 2822 963 2878 quo
982 2802 1111 2861 validius

59 2911 86 2951 ao
101 2891 140 2950 ad
162 2909 336 2951 eonsensum
353 2892 546 2971 redigeretur,
568 2892 732 2969 puniendos
752 2892 788 2950 ab
806 2912 838 2951 re
856 2912 885 2968 p.
904 2893 995 2951 fuisse
1012 2891 1111 2951 hostes

100 2983 181 3039 intra
204 2982 323 3039 moenia
346 2981 549 3056 deprehensos,
572 3000 640 3040 cum
662 3000 715 3056 per
738 2982 908 3040 contextum
931 2982 977 3040 sui
996 2982 1111 3057 generis

100 3070 305 3129 recordaretur
328 3072 473 3146 extitisse,
502 3072 554 3145 qui
580 3069 675 3130 filium
699 3071 796 3146 capite
819 3071 946 3146 puniret.
992 3069 1033 3128 Et
1055 3069 1110 3129 hoo

168 3240 243 3294 lloc.
255 3241 457 3296 3om.=71itt
476 3241 671 3309 uuoocueubv?
744 3240 925 3295 10reseretO
957 3240 1112 3293 reservaret

101 3326 152 3377 mo,
165 3326 233 3366 corr
244 3310 276 3367 St
339 3317 371 3366 11
390 3312 519 3366 tribunus
535 3312 612 3368 codd
624 3313 678 3366 Cic
692 3311 898 3367 tribunosque
972 3315 1004 3362 19
1022 3308 1111 3362 homi-

101 3399 167 3434 num
184 3382 256 3448 Omo,
270 3399 337 3438 corr.
355 3382 393 3437 Or
474 3389 507 3437 22
523 3384 572 3438 lac.
588 3388 710 3437 4cm=
727 3387 761 3437 10
776 3384 1021 3438 recursantes
1035 3374 1138 3432 ΜΨ

101 3453 143 3523 Zp
157 3454 343 3521 ἐπιφώνημαῖ
397 3458 431 3508 30
446 3454 517 3511 adG
529 3471 612 3525 aruo,
620 3471 693 3512 corr
704 3455 737 3510 St
792 3459 832 3506 bi
842 3434 1104 3517 depandamus&

102 3529 135 3576 32
148 3524 311 3580 recordatur
326 3526 531 3585 Orecordetur
551 3546 612 3600 roo,
632 3545 708 3586 corr
722 3526 756 3583 St
