2460 3816
461 186 466 197 '
508 179 524 239 ξ
543 178 655 228 29-31.
1045 172 1085 237 ’Π

139 340 261 401 Cautius
279 341 374 400 multo
394 344 522 401 correxit
541 338 765 416 ἐπανορθώεει.
806 343 886 401 Nam
904 361 971 401 cum
989 343 1086 418 primo

68 433 187 490 fecisset
210 426 290 490 κατὰ
308 427 346 489 τὸ
364 425 433 490 ἴεον
456 433 519 490 vim
536 434 568 492 vi
587 450 649 491 esse
673 432 835 508 depulsam,
857 432 1086 506 prudentissime

69 523 173 580 statim
182 522 244 577 vim
254 517 357 578 Clodio
373 520 539 596 adscripsit,
553 523 696 579 virtutem
709 521 824 595 Miloni,
838 522 979 596 quoniam
991 523 1086 580 virtus

69 609 242 668 emendatae
252 610 333 667 vitae
347 611 378 667 et
390 608 509 668 honesti
523 611 616 668 animi
630 611 774 686 professio
790 611 843 683 est,
853 611 898 668 vis
912 611 1086 686 plerumque

42 718 56 758 a
71 699 233 774 corporalis
253 700 297 757 est
316 700 346 756 et
364 717 451 773 saepe
470 700 687 776 grassatoribus
704 700 922 776 congruentior.

134 787 224 845 Num
251 787 336 862 quid
358 789 475 864 igitur
498 787 597 847 aliud
623 791 656 846 in
678 788 853 847 iudicium
875 788 988 862 venit,
1016 789 1088 847 nisi
1107 794 1121 854 ἓ
1142 793 1183 842 31.

68 880 149 934 uter
171 877 246 933 utri
268 876 424 935 insidias
448 874 599 934 fecerit?
1110 927 1114 934 .

36 1023 37 1026 ,
136 962 299 1023 Constituit
334 966 366 1022 in
400 965 498 1024 medio
530 960 708 1040 κεφάλαιον
745 963 803 1025 τοῦ
836 961 1025 1039 κρινομένου
1058 967 1088 1022 et

68 1073 215 1112 summam
237 1055 420 1128 quaestionis
444 1054 617 1113 brevissime
636 1055 848 1130 conprehendit
872 1100 922 1113 ...
946 1054 1086 1112 diducens

28 1145 100 1201 10111
123 1145 280 1218 utramque
305 1160 462 1217 personam
488 1145 715 1203 coniecturalem
734 1145 989 1219 disceptationem,
1013 1161 1088 1219 quae

69 1232 220 1290 dividetur
243 1231 404 1290 secundum
432 1233 504 1290 artis
534 1235 681 1293 oratoriae
705 1234 801 1311 legem
823 1233 896 1292 locis
926 1233 1087 1308 duplicatis

158 1322 190 1378 id
226 1324 271 1379 est
306 1322 470 1380 uoluntatis
591 1323 744 1381 facultatis
781 1323 896 1380 scilicet
931 1341 984 1396 per
1020 1339 1088 1379 con-

68 1412 262 1485 parationem.
310 1408 442 1485 Gumque
464 1412 505 1469 sit
536 1413 568 1468 in
592 1414 655 1468 arte
682 1413 887 1487 praeceptum,
917 1413 951 1469 ut
973 1413 1088 1468 nosmet

68 1502 150 1574 ipsos
165 1502 233 1557 ante
247 1518 416 1576 purgemus,
435 1502 506 1557 tunc
521 1500 723 1558 adversarium
737 1502 936 1573 criminemur,
951 1499 1029 1574 quod
1044 1501 1090 1556 est

30 1605 55 1646 15
70 1589 222 1662 antiquius
251 1590 280 1646 et
308 1589 371 1646 sine
399 1578 488 1647 dubio
517 1591 612 1666 magis
641 1589 790 1663 naturale,
820 1590 853 1645 in
875 1589 931 1645 hac
955 1589 1088 1646 oratione

70 1677 185 1735 Tullius
214 1679 283 1734 ante
311 1678 418 1753 arripit
445 1679 543 1736 locum
565 1678 729 1736 voluntatis
753 1677 791 1735 ad
815 1676 999 1754 arguendum
1023 1674 1088 1735 Clo·

69 1767 161 1839 diurn,
184 1769 252 1840 post
274 1766 380 1824 deinde
403 1766 622 1843 transgreditur
646 1767 684 1824 ad
704 1766 920 1823 defendendum
938 1765 1087 1823 Milonem.

69 1855 131 1912 Nec
154 1855 236 1912 istud
258 1856 424 1914 inconsulte
447 1857 529 1929 facit,
553 1854 604 1913 sed
622 1857 802 1930 necessario,
825 1856 935 1930 quippe
955 1854 1087 1912 animad-

70 1946 187 2001 vertens
220 1945 287 2018 plus
315 1945 374 2002 sibi
400 1945 460 2018 ipsi
486 1943 611 2002 fiduciae
636 1945 668 2000 in
694 1944 748 2002 illo
772 1941 950 2016 accusando,
982 1944 1089 2001 maluit

30 2050 56 2089 so
70 2032 222 2091 exordium
255 2031 485 2091 confirmationis
519 2032 557 2091 ab
589 2051 623 2091 eo
656 2051 773 2108 capere,
810 2036 844 2090 ut
875 2034 908 2089 in
939 2032 1089 2091 hominem

70 2122 331 2179 sceleratissimum
353 2123 449 2198 magis
473 2139 633 2199 congruere
657 2122 821 2181 insidiandi
847 2121 1032 2180 voluntatem
1060 2124 1089 2179 et

71 2228 175 2268 causas
204 2209 342 2269 habuisse
369 2212 544 2286 praecipuas
578 2229 645 2269 cum
667 2213 856 2286 potissimum
884 2210 1007 2284 diceret,
1040 2212 1088 2268 cui

71 2299 222 2373 expediret
239 2299 368 2357 interfici
385 2300 536 2373 Milonem,
555 2319 591 2358 ne
609 2302 641 2357 in
660 2303 801 2375 praetura
819 2299 948 2377 gerenda
966 2299 1088 2358 haberet

70 2387 272 2462 inpedimento
295 2390 411 2446 inimici
433 2390 480 2447 sui
503 2389 699 2453 consulatum.

140 2554 236 2617 13sqq.
256 2549 291 2615 cf.
312 2549 427 2614 Quintil.
448 2549 499 2602 VII
518 2555 543 2616 2,
562 2556 604 2603 27.

140 2625 236 2689 lisqq.
255 2619 290 2685 cf.
311 2620 426 2685 Quintil.
447 2621 498 2674 VH
517 2628 541 2688 2,
561 2628 603 2675 21.

140 2777 154 2822 1
182 2773 368 2838 ἐπανορθώεει
391 2773 433 2841 Zp
456 2812 524 2825 .....
533 2771 672 2843 procreet
701 2773 750 2826 lac
775 2770 827 2841 2¹),
852 2788 900 2825 cm.
925 2772 975 2825 litt.
999 2771 1088 2838 suppl.

71 2858 193 2910 cocpruo
271 2849 285 2894 2
306 2841 423 2895 dixisset
436 2859 463 2895 m
482 2841 624 2897 iecisseto
670 2860 740 2896 κατα
754 2859 811 2896 τοι
829 2843 928 2907 mirate,
946 2859 995 2895 (ον
1014 2847 1087 2896 otra-

72 2919 160 2966 mento
178 2913 263 2965 sord
305 2912 374 2967 uiO
439 2912 586 2967 canuto
655 2912 870 2979 8κεφάλεονο
939 2913 1025 2966 illac.
1040 2929 1087 2965 aa.

73 2986 122 3038 lira
143 2985 175 3052 ΛΓ
195 2987 212 3036 3
230 3000 279 3037 cra.
299 3009 332 3027 =
351 2987 388 3037 24
412 2984 462 3037 litt.
491 2985 563 3037 κατὰ
587 2985 738 3048 (τοχαῳὸν
761 2984 817 3037 ἀπὸ
843 2984 1017 3049 speculamur?

75 3060 106 3107 12
132 3057 181 3108 lac.
201 3053 251 3125 3¹J,
273 3055 305 3122 4-
324 3058 344 3108 2
361 3071 409 3108 cm.
429 3081 463 3099 =
483 3059 517 3108 15
537 3055 587 3109 litt.
607 3056 662 3108 ἀπὸ
686 3055 841 3120 βουλὴεεω(
867 3055 956 3122 suppl.
975 3053 1017 3123 Zp

73 3129 123 3180 loc.
147 3132 164 3180 6
186 3143 235 3180 ora.
255 3127 287 3194 4-
311 3143 359 3179 cccc.
380 3127 427 3180 lira
447 3127 481 3193 -Ι-
501 3130 518 3180 6
540 3142 588 3180 cm.
608 3152 641 3169 =
665 3130 700 3179 46
722 3127 772 3180 litt.
797 3128 842 3179 καὶ
864 3127 920 3179 ἀπὸ
944 3127 1089 3192 δυνάμεως

73 3199 242 3264 receptare
265 3200 336 3250 κατὰ
355 3199 508 3264 (ύγκριεινῖ
574 3195 645 3269 (et>
664 3195 809 3250 facultatis
832 3213 875 3250 mo
949 3201 980 3248 13
1005 3196 1087 3268 co·>

74 3268 294 3324 ΡὰΚὰΤΙΟΝΕΜ
369 3274 401 3320 15
426 3267 569 3336 antiquius
593 3270 622 3321 et
645 3267 704 3320 sine
727 3267 813 3320 dubio
831 3283 874 3322 mo
898 3267 1041 3334 antiquius
1061 3269 1089 3321 et

75 3339 121 3410 {ne
141 3338 226 3393 dubio
247 3341 270 3395 0
291 3339 435 3408 antiquius
459 3339 519 3393 sine
543 3337 628 3391 dubio
649 3339 687 3393 Or
710 3342 738 3392 et
758 3338 900 3406 antiquius
919 3339 978 3392 sine
1002 3338 1088 3392 dubio

73 3410 106 3465 St
158 3410 211 3464 hoc
225 3410 351 3465 oratione
366 3411 454 3466 Ohoc
468 3409 653 3476 oratoriam,
667 3427 735 3465 corr.
745 3410 787 3480 Zp
855 3414 886 3462 17
902 3410 1088 3477 transgeritur

75 3482 148 3547 Grac,
166 3498 234 3535 corr.
247 3481 285 3536 Or
358 3488 390 3535 19
409 3482 474 3550 ipae
490 3483 513 3538 O
529 3497 589 3535 esse
607 3497 659 3548 mc,
677 3482 791 3536 corrSt
861 3486 904 3530 aa
917 3479 1115 3538 ,masam

73 3569 130 3618 mo,
148 3569 216 3607 corr.
233 3552 271 3606 Or·
361 3559 393 3607 23
413 3552 592 3612 interficittl
665 3551 834 3624 picturati
