2460 3816
476 139 585 208 Fragm.
606 143 719 193 22-27.
1060 137 1101 200 27

85 311 187 385 quitus
206 308 237 366 P.
255 306 395 366 Claudius
414 307 497 383 Appi
516 306 603 366 Caeci
621 306 700 367 filius
723 309 837 383 primus
861 325 896 365 ex
918 307 978 365 isto
997 324 1103 384 genere

84 398 211 456 Pulcher
239 397 408 473 appellatus
436 399 489 454 est.
544 395 602 454 Hic
626 397 728 455 consul
757 398 830 470 aput
857 396 1029 470 Drepanam
1052 394 1102 454 ad-

84 505 187 545 versus
211 487 346 560 auspicia
367 484 475 544 Poenis
500 485 593 543 classe
617 485 758 544 conflixit.
802 484 857 542 Ea'
870 502 972 561 pugna
994 484 1102 543 Roma·

85 594 192 633 norum
214 592 304 634 nares
331 575 485 649 perierunt
504 572 590 632 CXX.
629 571 673 631 Ob
696 573 729 631 id
751 575 865 631 factum
888 572 951 631 dies
975 573 1003 630 ei
1022 572 1102 630 dicta

56 666 132 723 cest
171 663 383 737 perduellionis
421 681 439 720 a
475 661 574 720 Pullio
612 665 642 720 et
680 662 835 720 Fundanio
867 664 904 719 tr.
936 661 976 736 pl.
1028 659 1103 719 Cum

86 753 208 810 comitia
231 753 294 810 eius
316 753 361 809 rei
383 751 488 809 fierent
511 754 541 809 et
565 752 715 810 centuriae
738 750 1005 822 introducerentur,
1028 750 1102 807 tem-

83 842 184 915 pestas
208 839 329 918 turbida
352 842 454 899 coorta
484 843 542 914 est3
574 841 683 900 vitium
710 841 887 898 intercessit.
933 838 1042 898 Postea
1065 841 1101 896 tr.

84 929 124 1005 pl.
148 930 391 1002 intercesserunt,
419 947 456 986 ne
478 929 558 987 idem
581 930 716 987 homines
739 930 772 986 in
795 928 899 986 eodem
921 929 1102 1006 magistratu

83 1017 295 1092 perduellionis
332 1016 378 1076 bis
420 1017 545 1075 eundem
588 1020 769 1077 accusarent.
837 1016 944 1091 Itaque
985 1017 1101 1075 actione

44 1125 70 1164 ro
84 1108 209 1180 mutata,
232 1106 339 1165 iisdem
362 1106 579 1180 accusantibus,
602 1107 698 1164 multa
720 1107 859 1184 inrogata
882 1106 1010 1182 populus
1034 1124 1102 1162 eum

84 1194 239 1254 damnavit
262 1197 339 1253 aeris
363 1196 463 1273 gravis
488 1193 566 1253 CXX
589 1195 731 1253 millibus,

140 1279 197 1341 ‘At
215 1279 312 1358 sum',
326 1285 451 1359 inquit
468 1278 690 1343 ‘absolutust'
709 1283 807 1342 Novo
823 1283 966 1358 quidem
980 1282 1100 1340 hercle
1114 1268 1207 1338 ΡΨ·

82 1390 190 1446 more,
215 1375 272 1430 cui
294 1375 356 1430 uni
380 1372 547 1432 absoluto
571 1372 657 1431 lites
682 1374 897 1431 aestimatae
921 1373 1016 1430 sunt.
1119 1338 1209 1393 XXVI

225 1463 384 1520 victoriam
412 1481 529 1536 quoque
556 1461 663 1519 iudicii
685 1463 786 1520 orator
819 1461 966 1519 convertit
996 1461 1029 1518 in
1052 1459 1101 1516 de-

42 1567 68 1607 rs
83 1548 170 1608 decus
211 1552 367 1626 inopinata
408 1551 504 1608 inlata
544 1549 716 1608 huiusmodi
755 1551 954 1624 responsione.
1018 1547 1100 1607 Lites

82 1641 183 1696 autem
206 1638 355 1697 damnatis
377 1639 436 1696 reis
459 1638 707 1712 aestimabantur,
731 1656 798 1696 cum
820 1639 935 1696 taxatio
959 1639 1102 1713 pecuniae

82 1725 180 1800 fiebat,
214 1746 289 1802 quae
320 1728 382 1786 illis
415 1727 624 1803 adplicaretur.
672 1725 820 1795 Quoniam
847 1745 917 1803 ergo
945 1744 1006 1784 non
1033 1743 1100 1802 pro·

81 1814 202 1874 batione
225 1817 413 1875 innocentiae
436 1817 488 1874 sed
515 1818 662 1892 corruptis
685 1815 832 1874 iudicibus
856 1816 955 1873 fuerat
979 1813 1100 1872 Clodius

82 1903 244 1978 absolutus,
262 1904 373 1964 idcirco
390 1907 435 1962 ait
453 1904 620 1963 absoluto
639 1905 725 1963 lites
744 1905 966 1978 aestimatae,
985 1905 1042 1962 hoc
1056 1904 1101 1962 est

40 2010 68 2049 so
82 2011 178 2067 poena
197 1993 317 2068 quidem
335 1993 505 2067 liberatum,
530 1992 581 2052 sed
604 1995 730 2069 pecunia
755 1992 972 2067 quodammodo
990 1992 1100 2050 multa·

81 2083 155 2154 turn,
179 2099 270 2155 quam
292 2081 439 2140 iudicibus
462 2100 517 2157 pro
541 2080 728 2140 absolutione
751 2083 943 2140 numerasset.

149 2167 258 2238 Quasi
300 2189 362 2248 ego
404 2189 473 2229 non
514 2172 705 2229 contentus
751 2172 829 2244 sim,
876 2169 969 2245 quod
1009 2159 1205 2227 mihiFrgm·

82 2260 239 2333 quinque
272 2261 307 2318 et
339 2259 393 2316 XX
425 2258 565 2318 iudices
598 2259 843 2333 crediderunt,
956 2260 1017 2333 qui
1044 2226 1205 2316 εθ-ΧΧἯΙ

83 2348 246 2420 questres
270 2348 331 2406 abs
359 2350 394 2406 te
416 2348 623 2424 locupletes
647 2349 863 2424 acceperint.

40 2451 67 2492 as
148 2435 293 2495 Notemus
312 2435 471 2495 verborum
489 2437 663 2496 medietates
687 2437 906 2514 elegantissime
925 2436 962 2494 ab
981 2437 1100 2494 oratore

82 2524 230 2598 suspendi.
284 2525 364 2582 Nam
400 2544 467 2583 cum
499 2545 571 2601 prae
603 2544 633 2584 se
665 2526 757 2584 ferret
789 2524 910 2584 Clodius
942 2526 1100 2584 victoriam

81 2612 197 2686 iudicii,
231 2613 310 2688 quod
337 2612 480 2672 liberatus
513 2616 669 2672 sententiis
697 2614 832 2691 pluribus
860 2614 1023 2686 videretur,
1056 2613 1100 2670 ait

82 2701 197 2760 Tullius
222 2701 260 2759 ad
283 2701 524 2760 confirmandam
537 2704 704 2762 testimonii
726 2705 773 2760 sui
795 2703 971 2779 religionem
991 2700 1047 2757 XX
1070 2703 1100 2758 et

82 2791 213 2864 quinque
241 2789 299 2848 sibi
325 2790 438 2848 iudices
466 2790 633 2864 credidisse,
664 2791 733 2848 illos
756 2790 904 2862 videlicet,
937 2790 990 2864 qui
1015 2807 1100 2846 reum

38 2894 67 2936 so
82 2878 310 2953 damnaverant3
343 2878 394 2936 sed
426 2880 518 2937 etiam
548 2879 630 2951 illos,
668 2880 720 2952 qui
752 2897 806 2954 pro
838 2897 888 2936 reo
921 2878 1100 2936 sententiam

81 2966 223 3039 dixerint,
254 2967 314 3042 ipsi
337 2965 441 3024 Clodio
474 2967 550 3024 nihil
578 2966 748 3040 credidisse,
782 2965 900 3041 quando
928 2966 965 3023 ab
993 2968 1099 3024 senatu

149 3159 164 3205 2
203 3136 250 3209 Clc
326 3153 488 3222 Drepanam
517 3154 580 3208 Caco
675 3159 690 3206 3
723 3152 837 3207 confixit
866 3153 890 3208 C
982 3157 1016 3205 14
1048 3153 1097 3207 lac.

83 3224 123 3295 1¹]
145 3226 210 3292 44
229 3242 277 3279 cm.
289 3251 322 3270 =
342 3229 378 3279 12
396 3225 447 3280 litt.
467 3227 614 3293 brocupptc
632 3226 721 3294 suppl.
736 3227 778 3295 Zp
795 3225 1040 3293 napanpocboata?

81 3263 225 3350 indiciiC
305 3301 337 3348 15
356 3295 505 3352 militesC
580 3302 611 3349 17
638 3296 828 3365 adplicaretur
847 3297 881 3362 Ο,
899 3312 967 3351 corr.
986 3297 1028 3366 Zp

82 3371 116 3418 20
135 3367 324 3435 pecuniamC
388 3372 422 3420 23
442 3367 491 3422 loe.
504 3367 570 3421 Mai
582 3368 681 3422 statuit
716 3366 813 3450 (tibi)
826 3367 952 3420 Niebalrr
990 3365 1116 3438 <3355ss-

82 3437 136 3490 tibi
150 3437 222 3490 nihil
237 3437 436 3510 crediderunt>
453 3438 571 3492 Meliten:
589 3439 673 3493 ctione
691 3455 747 3506 auu
762 3438 803 3491 ab
821 3439 934 3490 senam
940 3428 1139 3495 praesum

81 3507 216 3577 petierint
234 3509 321 3564 decem
337 3510 395 3566 Leo
413 3517 505 3566 maaet
