<?xml version="1.0" encoding="UTF-8"?>
<!DOCTYPE html PUBLIC "-//W3C//DTD XHTML 1.0 Transitional//EN"
    "http://www.w3.org/TR/xhtml1/DTD/xhtml1-transitional.dtd">
<html xmlns="http://www.w3.org/1999/xhtml" xml:lang="en" lang="en">
 <head>
  <title>
</title>
<meta http-equiv="Content-Type" content="text/html;charset=utf-8" />
  <meta name='ocr-system' content='tesseract 3.04.00' />
  <meta name='ocr-capabilities' content='ocr_page ocr_carea ocr_par ocr_line ocrx_word'/>
</head>
<body>
  <div class='ocr_page' id='page_1' title='image "./scholiaincicero00hildgoog_0112.png"; bbox 0 0 2460 3816; ppageno 0'>
   <div class='ocr_carea' id='block_1_1' title="bbox 519 124 1098 230">
    <p class='ocr_par' dir='ltr' id='par_1_1' title="bbox 519 124 1098 230">
     <span class='ocr_line' id='line_1_1' title="bbox 519 124 1098 230; baseline 0.002 -12"><span class='ocrx_word' id='word_1_1' title='bbox 519 171 534 230; x_wconf 67' lang='lat' dir='ltr'>a</span> <span class='ocrx_word' id='word_1_2' title='bbox 555 124 667 218; x_wconf 79' lang='lat' dir='ltr'>15-1a.</span> <span class='ocrx_word' id='word_1_3' title='bbox 1057 164 1098 230; x_wconf 76' lang='lat'>57</span> 
     </span>
    </p>
   </div>
   <div class='ocr_carea' id='block_1_2' title="bbox 33 332 1201 2545">
    <p class='ocr_par' dir='ltr' id='par_1_2' title="bbox 83 332 1186 678">
     <span class='ocr_line' id='line_1_2' title="bbox 85 332 1186 409; baseline 0 -17"><span class='ocrx_word' id='word_1_4' title='bbox 85 334 205 392; x_wconf 89' lang='lat' dir='ltr'>coactus</span> <span class='ocrx_word' id='word_1_5' title='bbox 237 335 283 391; x_wconf 87' lang='lat' dir='ltr'>est</span> <span class='ocrx_word' id='word_1_6' title='bbox 311 332 447 391; x_wconf 89' lang='lat' dir='ltr'>habitum</span> <span class='ocrx_word' id='word_1_7' title='bbox 475 352 562 392; x_wconf 91' lang='lat' dir='ltr'>suum</span> <span class='ocrx_word' id='word_1_8' title='bbox 588 335 762 409; x_wconf 87' lang='lat' dir='ltr'>pristinum,</span> <span class='ocrx_word' id='word_1_9' title='bbox 794 334 949 394; x_wconf 81' lang='lat' dir='ltr'>laetiorem</span> <span class='ocrx_word' id='word_1_10' title='bbox 980 334 1102 409; x_wconf 88' lang='lat' dir='ltr'>scilicet,</span> <span class='ocrx_word' id='word_1_11' title='bbox 1184 403 1186 405; x_wconf 16' lang='lat'><strong><em>¹</em></strong></span> 
     </span>
     <span class='ocr_line' id='line_1_3' title="bbox 83 421 1104 500; baseline 0.002 -20"><span class='ocrx_word' id='word_1_12' title='bbox 83 439 266 496; x_wconf 87' lang='lat' dir='ltr'>recuperare.</span> <span class='ocrx_word' id='word_1_13' title='bbox 312 421 352 479; x_wconf 83' lang='lat' dir='ltr'>Et</span> <span class='ocrx_word' id='word_1_14' title='bbox 375 441 405 482; x_wconf 90' lang='lat' dir='ltr'>se</span> <span class='ocrx_word' id='word_1_15' title='bbox 428 423 522 500; x_wconf 86' lang='lat' dir='ltr'>igitur</span> <span class='ocrx_word' id='word_1_16' title='bbox 545 422 721 499; x_wconf 86' lang='lat' dir='ltr'>amplificat,</span> <span class='ocrx_word' id='word_1_17' title='bbox 744 424 796 499; x_wconf 92' lang='lat' dir='ltr'>qui</span> <span class='ocrx_word' id='word_1_18' title='bbox 825 425 944 482; x_wconf 88' lang='lat' dir='ltr'>tantum</span> <span class='ocrx_word' id='word_1_19' title='bbox 971 423 1104 482; x_wconf 86' lang='lat' dir='ltr'>dolorem</span> 
     </span>
     <span class='ocr_line' id='line_1_4' title="bbox 85 512 1104 588; baseline 0 -18"><span class='ocrx_word' id='word_1_20' title='bbox 85 512 218 570; x_wconf 92' lang='lat' dir='ltr'>omnium</span> <span class='ocrx_word' id='word_1_21' title='bbox 240 512 390 585; x_wconf 87' lang='lat' dir='ltr'>meruerit,</span> <span class='ocrx_word' id='word_1_22' title='bbox 414 513 444 570; x_wconf 88' lang='lat' dir='ltr'>et</span> <span class='ocrx_word' id='word_1_23' title='bbox 466 512 544 569; x_wconf 90' lang='lat' dir='ltr'>hunc</span> <span class='ocrx_word' id='word_1_24' title='bbox 567 513 654 587; x_wconf 87' lang='lat' dir='ltr'>quasi</span> <span class='ocrx_word' id='word_1_25' title='bbox 675 514 838 588; x_wconf 85' lang='lat' dir='ltr'>tyrannum</span> <span class='ocrx_word' id='word_1_26' title='bbox 855 513 1028 586; x_wconf 87' lang='lat' dir='ltr'>insectatur,</span> <span class='ocrx_word' id='word_1_27' title='bbox 1051 514 1104 587; x_wconf 92' lang='lat' dir='ltr'>qui</span> 
     </span>
     <span class='ocr_line' id='line_1_5' title="bbox 85 600 600 678; baseline -0.004 -20"><span class='ocrx_word' id='word_1_28' title='bbox 85 601 203 658; x_wconf 87' lang='lat' dir='ltr'>senatui</span> <span class='ocrx_word' id='word_1_29' title='bbox 225 617 278 657; x_wconf 89' lang='lat' dir='ltr'>nec</span> <span class='ocrx_word' id='word_1_30' title='bbox 300 600 402 678; x_wconf 84' lang='lat' dir='ltr'>lugere</span> <span class='ocrx_word' id='word_1_31' title='bbox 424 601 600 676; x_wconf 74' lang='lat' dir='ltr'>permiserit.</span> 
     </span>
    </p>

    <p class='ocr_par' dir='ltr' id='par_1_3' title="bbox 58 686 1201 764">
     <span class='ocr_line' id='line_1_6' title="bbox 58 686 1201 764; baseline -0.001 -18"><span class='ocrx_word' id='word_1_32' title='bbox 58 707 71 747; x_wconf 76' lang='lat' dir='ltr'>a</span> <span class='ocrx_word' id='word_1_33' title='bbox 153 686 341 762; x_wconf 74' lang='lat' dir='ltr'>Capuaene</span> <span class='ocrx_word' id='word_1_34' title='bbox 364 692 399 747; x_wconf 91' lang='lat' dir='ltr'>te</span> <span class='ocrx_word' id='word_1_35' title='bbox 421 687 596 764; x_wconf 82' lang='lat' dir='ltr'>putabas?</span> <span class='ocrx_word' id='word_1_36' title='bbox 1122 694 1201 756; x_wconf 68' lang='lat'>51⁷.</span> 
     </span>
    </p>

    <p class='ocr_par' dir='ltr' id='par_1_4' title="bbox 86 772 1104 1119">
     <span class='ocr_line' id='line_1_7' title="bbox 151 772 1103 854; baseline 0.002 -20"><span class='ocrx_word' id='word_1_37' title='bbox 151 777 223 835; x_wconf 84' lang='lat' dir='ltr'>Fuit</span> <span class='ocrx_word' id='word_1_38' title='bbox 254 779 333 835; x_wconf 89' lang='lat' dir='ltr'>enim</span> <span class='ocrx_word' id='word_1_39' title='bbox 362 777 431 837; x_wconf 91' lang='lat' dir='ltr'>Piso</span> <span class='ocrx_word' id='word_1_40' title='bbox 463 779 584 837; x_wconf 87' lang='lat' dir='ltr'>natione</span> <span class='ocrx_word' id='word_1_41' title='bbox 618 777 793 854; x_wconf 89' lang='lat' dir='ltr'>Campanus.</span> <span class='ocrx_word' id='word_1_42' title='bbox 841 772 970 853; x_wconf 83' lang='grc' dir='ltr'>Βαρέω(</span> <span class='ocrx_word' id='word_1_43' title='bbox 1001 779 1103 854; x_wconf 85' lang='lat' dir='ltr'>itaque</span> 
     </span>
     <span class='ocr_line' id='line_1_8' title="bbox 86 864 1104 944; baseline 0.003 -21"><span class='ocrx_word' id='word_1_44' title='bbox 86 864 288 941; x_wconf 89' lang='lat' dir='ltr'>Capucnsibus</span> <span class='ocrx_word' id='word_1_45' title='bbox 313 866 456 925; x_wconf 78' lang='lat' dir='ltr'>adscribit</span> <span class='ocrx_word' id='word_1_46' title='bbox 477 868 586 939; x_wconf 85' lang='lat' dir='ltr'>vitium</span> <span class='ocrx_word' id='word_1_47' title='bbox 609 867 773 943; x_wconf 79' lang='lat' dir='ltr'>superbiae,</span> <span class='ocrx_word' id='word_1_48' title='bbox 796 867 875 944; x_wconf 88' lang='lat' dir='ltr'>quod</span> <span class='ocrx_word' id='word_1_49' title='bbox 897 869 996 943; x_wconf 91' lang='lat' dir='ltr'>ipsum</span> <span class='ocrx_word' id='word_1_50' title='bbox 1019 869 1104 926; x_wconf 91' lang='lat' dir='ltr'>etin</span> 
     </span>
     <span class='ocr_line' id='line_1_9' title="bbox 86 955 1103 1034; baseline 0.003 -22"><span class='ocrx_word' id='word_1_51' title='bbox 86 973 121 1014; x_wconf 90' lang='lat' dir='ltr'>ea</span> <span class='ocrx_word' id='word_1_52' title='bbox 149 956 282 1014; x_wconf 89' lang='lat' dir='ltr'>oratione</span> <span class='ocrx_word' id='word_1_53' title='bbox 309 955 391 1030; x_wconf 89' lang='lat' dir='ltr'>facit,</span> <span class='ocrx_word' id='word_1_54' title='bbox 423 974 513 1032; x_wconf 89' lang='lat' dir='ltr'>quam</span> <span class='ocrx_word' id='word_1_55' title='bbox 544 955 650 1015; x_wconf 86' lang='lat' dir='ltr'>babuit</span> <span class='ocrx_word' id='word_1_56' title='bbox 683 958 786 1015; x_wconf 89' lang='lat' dir='ltr'>contra</span> <span class='ocrx_word' id='word_1_57' title='bbox 816 957 914 1034; x_wconf 87' lang='lat' dir='ltr'>legem</span> <span class='ocrx_word' id='word_1_58' title='bbox 945 958 1103 1033; x_wconf 78' lang='lat' dir='ltr'>agrariam,</span> 
     </span>
     <span class='ocr_line' id='line_1_10' title="bbox 86 1043 557 1119; baseline 0.002 -19"><span class='ocrx_word' id='word_1_59' title='bbox 86 1044 233 1119; x_wconf 80' lang='lat' dir='ltr'>copiosius</span> <span class='ocrx_word' id='word_1_60' title='bbox 257 1044 352 1103; x_wconf 90' lang='lat' dir='ltr'>multo</span> <span class='ocrx_word' id='word_1_61' title='bbox 375 1046 406 1102; x_wconf 90' lang='lat' dir='ltr'>et</span> <span class='ocrx_word' id='word_1_62' title='bbox 429 1043 557 1103; x_wconf 88' lang='lat' dir='ltr'>effusius.</span> 
     </span>
    </p>

    <p class='ocr_par' dir='ltr' id='par_1_5' title="bbox 44 1131 1103 1282">
     <span class='ocr_line' id='line_1_11' title="bbox 44 1131 1103 1202; baseline 0.003 -11"><span class='ocrx_word' id='word_1_63' title='bbox 44 1151 92 1192; x_wconf 74' lang='grc' dir='ltr'>ιο,</span> <span class='ocrx_word' id='word_1_64' title='bbox 153 1132 198 1190; x_wconf 84' lang='lat' dir='ltr'>Tc</span> <span class='ocrx_word' id='word_1_65' title='bbox 230 1133 499 1192; x_wconf 86' lang='lat' dir='ltr'>misericordem</span> <span class='ocrx_word' id='word_1_66' title='bbox 535 1133 669 1193; x_wconf 80' lang='lat' dir='ltr'>fuisse?</span> <span class='ocrx_word' id='word_1_67' title='bbox 719 1131 792 1202; x_wconf 82' lang='lat' dir='ltr'>Quo</span> <span class='ocrx_word' id='word_1_68' title='bbox 824 1133 931 1194; x_wconf 84' lang='lat' dir='ltr'>verbo</span> <span class='ocrx_word' id='word_1_69' title='bbox 965 1137 1103 1194; x_wconf 90' lang='lat' dir='ltr'>ceteros</span> 
     </span>
     <span class='ocr_line' id='line_1_12' title="bbox 86 1220 689 1282; baseline 0.003 -4"><span class='ocrx_word' id='word_1_70' title='bbox 86 1220 358 1281; x_wconf 75' lang='lat' dir='ltr'>demonstrabas</span> <span class='ocrx_word' id='word_1_71' title='bbox 382 1222 544 1282; x_wconf 76' lang='lat' dir='ltr'>crudeles</span> <span class='ocrx_word' id='word_1_72' title='bbox 568 1224 689 1282; x_wconf 88' lang='lat' dir='ltr'>fnisse.</span> 
     </span>
    </p>

    <p class='ocr_par' dir='ltr' id='par_1_6' title="bbox 86 1304 1104 1563">
     <span class='ocr_line' id='line_1_13' title="bbox 152 1304 1104 1389; baseline 0.004 -21"><span class='ocrx_word' id='word_1_73' title='bbox 152 1304 203 1368; x_wconf 82' lang='grc' dir='ltr'>Ἐκ</span> <span class='ocrx_word' id='word_1_74' title='bbox 234 1309 292 1370; x_wconf 81' lang='grc' dir='ltr'>τοῦ</span> <span class='ocrx_word' id='word_1_75' title='bbox 326 1305 482 1370; x_wconf 85' lang='grc' dir='ltr'><strong>ἐναντίου.</strong></span> <span class='ocrx_word' id='word_1_76' title='bbox 538 1310 717 1389; x_wconf 81' lang='lat' dir='ltr'>Syllogismo</span> <span class='ocrx_word' id='word_1_77' title='bbox 750 1330 819 1371; x_wconf 90' lang='lat' dir='ltr'>usus</span> <span class='ocrx_word' id='word_1_78' title='bbox 852 1315 898 1372; x_wconf 83' lang='lat' dir='ltr'>est</span> <span class='ocrx_word' id='word_1_79' title='bbox 928 1312 1058 1371; x_wconf 84' lang='lat' dir='ltr'>breviter</span> <span class='ocrx_word' id='word_1_80' title='bbox 1087 1331 1104 1372; x_wconf 90' lang='lat' dir='ltr'>a</span> 
     </span>
     <span class='ocr_line' id='line_1_14' title="bbox 86 1400 1104 1475; baseline 0.003 -19"><span class='ocrx_word' id='word_1_81' title='bbox 86 1400 248 1473; x_wconf 89' lang='lat' dir='ltr'>contrario,</span> <span class='ocrx_word' id='word_1_82' title='bbox 280 1402 314 1457; x_wconf 90' lang='lat' dir='ltr'>ut</span> <span class='ocrx_word' id='word_1_83' title='bbox 346 1401 399 1475; x_wconf 90' lang='lat' dir='ltr'>qui</span> <span class='ocrx_word' id='word_1_84' title='bbox 430 1419 460 1459; x_wconf 90' lang='lat' dir='ltr'>se</span> <span class='ocrx_word' id='word_1_85' title='bbox 492 1400 712 1460; x_wconf 87' lang='lat' dir='ltr'>misericordem</span> <span class='ocrx_word' id='word_1_86' title='bbox 743 1400 865 1475; x_wconf 84' lang='lat' dir='ltr'>dixerit,</span> <span class='ocrx_word' id='word_1_87' title='bbox 897 1401 1104 1460; x_wconf 86' lang='lat' dir='ltr'>crudelitatem</span> 
     </span>
     <span class='ocr_line' id='line_1_15' title="bbox 86 1488 458 1563; baseline 0.003 -18"><span class='ocrx_word' id='word_1_88' title='bbox 86 1489 204 1546; x_wconf 87' lang='lat' dir='ltr'>senatui</span> <span class='ocrx_word' id='word_1_89' title='bbox 228 1488 458 1563; x_wconf 84' lang='lat' dir='ltr'>exprobraverit.</span> 
     </span>
    </p>

    <p class='ocr_par' dir='ltr' id='par_1_7' title="bbox 44 1577 1104 1638">
     <span class='ocr_line' id='line_1_16' title="bbox 44 1577 1104 1638; baseline 0.002 -4"><span class='ocrx_word' id='word_1_90' title='bbox 44 1594 70 1635; x_wconf 84' lang='lat'>15</span> <span class='ocrx_word' id='word_1_91' title='bbox 153 1577 203 1634; x_wconf 84' lang='lat' dir='ltr'>Tu</span> <span class='ocrx_word' id='word_1_92' title='bbox 234 1579 440 1636; x_wconf 89' lang='lat' dir='ltr'>misericors</span> <span class='ocrx_word' id='word_1_93' title='bbox 472 1597 523 1635; x_wconf 92' lang='lat' dir='ltr'>me</span> <span class='ocrx_word' id='word_1_94' title='bbox 557 1578 714 1637; x_wconf 87' lang='lat' dir='ltr'>adfinem</span> <span class='ocrx_word' id='word_1_95' title='bbox 740 1580 839 1636; x_wconf 89' lang='lat' dir='ltr'>tuum</span> <span class='ocrx_word' id='word_1_96' title='bbox 867 1579 1104 1638; x_wconf 87' lang='lat' dir='ltr'>constrictum</span> 
     </span>
    </p>

    <p class='ocr_par' dir='ltr' id='par_1_8' title="bbox 56 1666 472 1725">
     <span class='ocr_line' id='line_1_17' title="bbox 56 1666 472 1725; baseline 0 -3"><span class='ocrx_word' id='word_1_97' title='bbox 56 1696 58 1701; x_wconf 62' lang='lat'>=</span> <span class='ocrx_word' id='word_1_98' title='bbox 86 1666 251 1724; x_wconf 91' lang='lat' dir='ltr'>inimicis·</span> <span class='ocrx_word' id='word_1_99' title='bbox 272 1666 472 1725; x_wconf 84' lang='lat' dir='ltr'>tradidisti.</span> 
     </span>
    </p>

    <p class='ocr_par' dir='ltr' id='par_1_9' title="bbox 33 1748 1103 2010">
     <span class='ocr_line' id='line_1_18' title="bbox 33 1748 1103 1828; baseline 0.002 -17"><span class='ocrx_word' id='word_1_100' title='bbox 33 1791 40 1811; x_wconf 79' lang='lat'><em>.</em></span> <span class='ocrx_word' id='word_1_101' title='bbox 153 1748 325 1828; x_wconf 85' lang='grc' dir='ltr'>Εἰρημένον</span> <span class='ocrx_word' id='word_1_102' title='bbox 343 1749 388 1814; x_wconf 84' lang='grc' dir='ltr'>εἰ(</span> <span class='ocrx_word' id='word_1_103' title='bbox 407 1749 547 1815; x_wconf 83' lang='grc' dir='ltr'>εἰπόντα.</span> <span class='ocrx_word' id='word_1_104' title='bbox 583 1755 619 1813; x_wconf 84' lang='lat' dir='ltr'>In</span> <span class='ocrx_word' id='word_1_105' title='bbox 634 1754 760 1814; x_wconf 92' lang='lat' dir='ltr'>eundem</span> <span class='ocrx_word' id='word_1_106' title='bbox 773 1754 911 1814; x_wconf 89' lang='lat' dir='ltr'>Pisonem</span> <span class='ocrx_word' id='word_1_107' title='bbox 924 1757 1046 1815; x_wconf 86' lang='lat' dir='ltr'>retorsit</span> <span class='ocrx_word' id='word_1_108' title='bbox 1058 1757 1103 1813; x_wconf 92' lang='lat' dir='ltr'>in-</span> 
     </span>
     <span class='ocr_line' id='line_1_19' title="bbox 86 1843 1103 1919; baseline 0.002 -17"><span class='ocrx_word' id='word_1_109' title='bbox 86 1843 200 1902; x_wconf 88' lang='lat' dir='ltr'>vidiam</span> <span class='ocrx_word' id='word_1_110' title='bbox 222 1843 416 1918; x_wconf 85' lang='lat' dir='ltr'>crudelitatis,</span> <span class='ocrx_word' id='word_1_111' title='bbox 440 1845 492 1919; x_wconf 92' lang='lat' dir='ltr'>qui</span> <span class='ocrx_word' id='word_1_112' title='bbox 514 1862 567 1902; x_wconf 89' lang='lat' dir='ltr'>nec</span> <span class='ocrx_word' id='word_1_113' title='bbox 591 1844 648 1904; x_wconf 90' lang='lat' dir='ltr'>sibi</span> <span class='ocrx_word' id='word_1_114' title='bbox 671 1844 921 1919; x_wconf 87' lang='lat' dir='ltr'>contemplatione</span> <span class='ocrx_word' id='word_1_115' title='bbox 940 1844 1103 1904; x_wconf 88' lang='lat' dir='ltr'>adfinitatis</span> 
     </span>
     <span class='ocr_line' id='line_1_20' title="bbox 87 1932 1000 2010; baseline 0.001 -21"><span class='ocrx_word' id='word_1_116' title='bbox 87 1949 172 2006; x_wconf 88' lang='lat' dir='ltr'>opem</span> <span class='ocrx_word' id='word_1_117' title='bbox 195 1932 299 1990; x_wconf 90' lang='lat' dir='ltr'>tulerit</span> <span class='ocrx_word' id='word_1_118' title='bbox 321 1935 417 2010; x_wconf 81' lang='lat' dir='ltr'>magis</span> <span class='ocrx_word' id='word_1_119' title='bbox 441 1934 626 1993; x_wconf 87' lang='lat' dir='ltr'>consentiens</span> <span class='ocrx_word' id='word_1_120' title='bbox 650 1932 816 1992; x_wconf 90' lang='lat' dir='ltr'>actionibus</span> <span class='ocrx_word' id='word_1_121' title='bbox 840 1932 1000 1992; x_wconf 80' lang='lat' dir='ltr'>Clodianis.</span> 
     </span>
    </p>

    <p class='ocr_par' dir='ltr' id='par_1_10' title="bbox 44 2021 1199 2098">
     <span class='ocr_line' id='line_1_21' title="bbox 44 2021 1199 2098; baseline -0.003 -20"><span class='ocrx_word' id='word_1_122' title='bbox 44 2039 72 2078; x_wconf 81' lang='lat' dir='ltr'>so</span> <span class='ocrx_word' id='word_1_123' title='bbox 151 2021 313 2080; x_wconf 90' lang='lat' dir='ltr'>Nondum</span> <span class='ocrx_word' id='word_1_124' title='bbox 336 2023 454 2097; x_wconf 92' lang='lat' dir='ltr'>palam</span> <span class='ocrx_word' id='word_1_125' title='bbox 477 2021 613 2081; x_wconf 86' lang='lat' dir='ltr'>factum</span> <span class='ocrx_word' id='word_1_126' title='bbox 636 2025 713 2080; x_wconf 88' lang='lat' dir='ltr'>erat</span> <span class='ocrx_word' id='word_1_127' title='bbox 736 2022 912 2082; x_wconf 83' lang='lat' dir='ltr'>occidisse</span> <span class='ocrx_word' id='word_1_128' title='bbox 934 2042 1057 2098; x_wconf 88' lang='lat' dir='ltr'>remp.</span> <span class='ocrx_word' id='word_1_129' title='bbox 1121 2026 1199 2088; x_wconf 73' lang='lat'>§18-</span> 
     </span>
    </p>

    <p class='ocr_par' dir='ltr' id='par_1_11' title="bbox 60 2105 1103 2454">
     <span class='ocr_line' id='line_1_22' title="bbox 152 2105 1103 2184; baseline 0.004 -17"><span class='ocrx_word' id='word_1_130' title='bbox 152 2109 234 2168; x_wconf 91' lang='lat' dir='ltr'>Haec</span> <span class='ocrx_word' id='word_1_131' title='bbox 257 2112 349 2168; x_wconf 90' lang='lat' dir='ltr'>etiam</span> <span class='ocrx_word' id='word_1_132' title='bbox 370 2105 538 2184; x_wconf 86' lang='grc' dir='ltr'>μεταφορὰ</span> <span class='ocrx_word' id='word_1_133' title='bbox 557 2113 602 2170; x_wconf 88' lang='lat' dir='ltr'>est</span> <span class='ocrx_word' id='word_1_134' title='bbox 620 2111 657 2170; x_wconf 91' lang='lat' dir='ltr'>ab</span> <span class='ocrx_word' id='word_1_135' title='bbox 676 2110 844 2170; x_wconf 91' lang='lat' dir='ltr'>hominibus</span> <span class='ocrx_word' id='word_1_136' title='bbox 862 2113 924 2169; x_wconf 88' lang='lat' dir='ltr'>iam</span> <span class='ocrx_word' id='word_1_137' title='bbox 942 2112 1103 2171; x_wconf 89' lang='lat' dir='ltr'>demortuis</span> 
     </span>
     <span class='ocr_line' id='line_1_23' title="bbox 60 2195 1103 2276; baseline 0.004 -21"><span class='ocrx_word' id='word_1_138' title='bbox 60 2237 62 2243; x_wconf 67' lang='lat'>,</span> <span class='ocrx_word' id='word_1_139' title='bbox 87 2200 117 2256; x_wconf 90' lang='lat' dir='ltr'>et</span> <span class='ocrx_word' id='word_1_140' title='bbox 139 2198 311 2274; x_wconf 64' lang='lat' dir='ltr'>deploratis</span> <span class='ocrx_word' id='word_1_141' title='bbox 334 2199 495 2275; x_wconf 89' lang='lat' dir='ltr'>dequibus</span> <span class='ocrx_word' id='word_1_142' title='bbox 515 2198 625 2258; x_wconf 91' lang='lat' dir='ltr'>dicitur</span> <span class='ocrx_word' id='word_1_143' title='bbox 647 2195 762 2276; x_wconf 79' lang='lat' dir='ltr'>‘palam</span> <span class='ocrx_word' id='word_1_144' title='bbox 780 2195 916 2275; x_wconf 81' lang='lat' dir='ltr'>factum&#39;‚</span> <span class='ocrx_word' id='word_1_145' title='bbox 940 2218 1007 2258; x_wconf 92' lang='lat' dir='ltr'>cum</span> <span class='ocrx_word' id='word_1_146' title='bbox 1024 2218 1103 2259; x_wconf 89' lang='lat' dir='ltr'>mors</span> 
     </span>
     <span class='ocr_line' id='line_1_24' title="bbox 87 2283 1103 2365; baseline 0.005 -21"><span class='ocrx_word' id='word_1_147' title='bbox 87 2305 188 2345; x_wconf 89' lang='lat' dir='ltr'>eorum</span> <span class='ocrx_word' id='word_1_148' title='bbox 206 2289 370 2347; x_wconf 88' lang='lat' dir='ltr'>nuntiatur.</span> <span class='ocrx_word' id='word_1_149' title='bbox 403 2283 560 2347; x_wconf 82' lang='lat' dir='ltr'>‘Arbitrio&#39;</span> <span class='ocrx_word' id='word_1_150' title='bbox 579 2307 649 2348; x_wconf 83' lang='lat' dir='ltr'>vero</span> <span class='ocrx_word' id='word_1_151' title='bbox 670 2289 782 2348; x_wconf 87' lang='lat' dir='ltr'>funeris</span> <span class='ocrx_word' id='word_1_152' title='bbox 801 2292 915 2349; x_wconf 90' lang='lat' dir='ltr'>sumtus</span> <span class='ocrx_word' id='word_1_153' title='bbox 934 2289 1008 2348; x_wconf 92' lang='lat' dir='ltr'>dicit</span> <span class='ocrx_word' id='word_1_154' title='bbox 1025 2289 1103 2365; x_wconf 90' lang='lat' dir='ltr'>illos,</span> 
     </span>
     <span class='ocr_line' id='line_1_25' title="bbox 87 2377 1103 2454; baseline 0.002 -21"><span class='ocrx_word' id='word_1_155' title='bbox 87 2377 139 2450; x_wconf 90' lang='lat' dir='ltr'>qui</span> <span class='ocrx_word' id='word_1_156' title='bbox 162 2377 200 2434; x_wconf 92' lang='lat' dir='ltr'>ad</span> <span class='ocrx_word' id='word_1_157' title='bbox 223 2377 435 2436; x_wconf 82' lang='lat' dir='ltr'>exhibitionem</span> <span class='ocrx_word' id='word_1_158' title='bbox 457 2377 569 2436; x_wconf 84' lang='lat' dir='ltr'>funeris</span> <span class='ocrx_word' id='word_1_159' title='bbox 592 2378 795 2453; x_wconf 86' lang='lat' dir='ltr'>inpenduntur</span> <span class='ocrx_word' id='word_1_160' title='bbox 816 2397 870 2454; x_wconf 90' lang='lat' dir='ltr'>per</span> <span class='ocrx_word' id='word_1_161' title='bbox 895 2397 958 2453; x_wconf 79' lang='lat' dir='ltr'>eoS,</span> <span class='ocrx_word' id='word_1_162' title='bbox 980 2380 1033 2454; x_wconf 91' lang='lat' dir='ltr'>qui</span> <span class='ocrx_word' id='word_1_163' title='bbox 1056 2397 1103 2436; x_wconf 83' lang='lat' dir='ltr'>ex-</span> 
     </span>
    </p>

    <p class='ocr_par' dir='ltr' id='par_1_12' title="bbox 45 2462 1103 2545">
     <span class='ocr_line' id='line_1_26' title="bbox 45 2462 1103 2545; baseline 0.004 -24"><span class='ocrx_word' id='word_1_164' title='bbox 45 2481 72 2522; x_wconf 77' lang='lat' dir='ltr'>aa</span> <span class='ocrx_word' id='word_1_165' title='bbox 86 2462 249 2539; x_wconf 90' lang='lat' dir='ltr'>pediendae</span> <span class='ocrx_word' id='word_1_166' title='bbox 281 2466 450 2541; x_wconf 89' lang='lat' dir='ltr'>sepulturae</span> <span class='ocrx_word' id='word_1_167' title='bbox 481 2484 582 2524; x_wconf 87' lang='lat' dir='ltr'>curam</span> <span class='ocrx_word' id='word_1_168' title='bbox 609 2468 765 2526; x_wconf 88' lang='lat' dir='ltr'>sustinent.</span> <span class='ocrx_word' id='word_1_169' title='bbox 811 2468 852 2526; x_wconf 85' lang='lat' dir='ltr'>Et</span> <span class='ocrx_word' id='word_1_170' title='bbox 878 2468 931 2527; x_wconf 87' lang='lat' dir='ltr'>hos</span> <span class='ocrx_word' id='word_1_171' title='bbox 955 2484 1024 2545; x_wconf 81' lang='lat' dir='ltr'>ergo</span> <span class='ocrx_word' id='word_1_172' title='bbox 1046 2468 1103 2525; x_wconf 93' lang='lat' dir='ltr'>ini·</span> 
     </span>
    </p>
   </div>
   <div class='ocr_carea' id='block_1_3' title="bbox 86 2571 781 2683">
    <p class='ocr_par' dir='ltr' id='par_1_13' title="bbox 86 2571 781 2683">
     <span class='ocr_line' id='line_1_27' title="bbox 86 2571 781 2683; baseline 0.003 -18"><span class='ocrx_word' id='word_1_173' title='bbox 86 2571 178 2612; x_wconf 54' lang='lat' dir='ltr'><strong>meos</strong></span> <span class='ocrx_word' id='word_1_174' title='bbox 410 2608 540 2681; x_wconf 69' lang='lat' dir='ltr'>(Desunt</span> <span class='ocrx_word' id='word_1_175' title='bbox 567 2608 616 2667; x_wconf 89' lang='lat' dir='ltr'>VI</span> <span class='ocrx_word' id='word_1_176' title='bbox 628 2609 781 2683; x_wconf 73' lang='lat' dir='ltr'>popinae.)</span> 
     </span>
    </p>
   </div>
   <div class='ocr_carea' id='block_1_4' title="bbox 86 2756 1103 3038">
    <p class='ocr_par' dir='ltr' id='par_1_14' title="bbox 86 2756 1103 3038">
     <span class='ocr_line' id='line_1_28' title="bbox 154 2756 1103 2828; baseline 0.002 -20"><span class='ocrx_word' id='word_1_177' title='bbox 154 2761 170 2808; x_wconf 90' lang='lat'><em>8</em></span> <span class='ocrx_word' id='word_1_178' title='bbox 190 2756 245 2810; x_wconf 90' lang='lat' dir='ltr'>Cic.</span> <span class='ocrx_word' id='word_1_179' title='bbox 266 2757 300 2810; x_wconf 90' lang='lat' dir='ltr'>de</span> <span class='ocrx_word' id='word_1_180' title='bbox 323 2758 422 2828; x_wconf 83' lang='lat' dir='ltr'>legen</span> <span class='ocrx_word' id='word_1_181' title='bbox 458 2802 462 2812; x_wconf 90' lang='lat'>.</span> <span class='ocrx_word' id='word_1_182' title='bbox 483 2759 535 2825; x_wconf 81' lang='lat' dir='ltr'>Ic,</span> <span class='ocrx_word' id='word_1_183' title='bbox 551 2764 585 2811; x_wconf 84' lang='lat'>18</span> <span class='ocrx_word' id='word_1_184' title='bbox 605 2758 658 2823; x_wconf 82' lang='lat' dir='ltr'>Qui</span> <span class='ocrx_word' id='word_1_185' title='bbox 681 2759 758 2812; x_wconf 90' lang='lat' dir='ltr'>locus</span> <span class='ocrx_word' id='word_1_186' title='bbox 778 2761 843 2827; x_wconf 79' lang='lat' dir='ltr'>(scil.</span> <span class='ocrx_word' id='word_1_187' title='bbox 864 2758 969 2827; x_wconf 84' lang='lat' dir='ltr'>Capua)</span> <span class='ocrx_word' id='word_1_188' title='bbox 987 2761 1103 2827; x_wconf 87' lang='lat' dir='ltr'>propter</span> 
     </span>
     <span class='ocr_line' id='line_1_29' title="bbox 86 2828 1103 2898; baseline 0.002 -18"><span class='ocrx_word' id='word_1_189' title='bbox 86 2828 245 2880; x_wconf 87' lang='lat' dir='ltr'>ubertatem</span> <span class='ocrx_word' id='word_1_190' title='bbox 264 2843 394 2897; x_wconf 83' lang='lat' dir='ltr'>agrorum</span> <span class='ocrx_word' id='word_1_191' title='bbox 413 2845 429 2881; x_wconf 90' lang='lat' dir='ltr'>a</span> <span class='ocrx_word' id='word_1_192' title='bbox 449 2828 671 2896; x_wconf 88' lang='lat' dir='ltr'>undantiamque</span> <span class='ocrx_word' id='word_1_193' title='bbox 690 2845 781 2882; x_wconf 91' lang='lat' dir='ltr'>rerum</span> <span class='ocrx_word' id='word_1_194' title='bbox 800 2830 924 2883; x_wconf 91' lang='lat' dir='ltr'>omnium</span> <span class='ocrx_word' id='word_1_195' title='bbox 943 2829 1103 2898; x_wconf 88' lang='lat' dir='ltr'>superbiam</span> 
     </span>
     <span class='ocr_line' id='line_1_30' title="bbox 87 2897 1103 2969; baseline 0.003 -19"><span class='ocrx_word' id='word_1_196' title='bbox 87 2901 115 2950; x_wconf 88' lang='lat' dir='ltr'>et</span> <span class='ocrx_word' id='word_1_197' title='bbox 144 2897 341 2952; x_wconf 87' lang='lat' dir='ltr'>crudelitatem</span> <span class='ocrx_word' id='word_1_198' title='bbox 368 2899 499 2969; x_wconf 81' lang='lat' dir='ltr'>genuisse</span> <span class='ocrx_word' id='word_1_199' title='bbox 527 2899 631 2952; x_wconf 90' lang='lat' dir='ltr'>dicitur</span> <span class='ocrx_word' id='word_1_200' title='bbox 657 2915 711 2966; x_wconf 79' lang='lat' dir='ltr'>sqq.</span> <span class='ocrx_word' id='word_1_201' title='bbox 754 2905 782 2966; x_wconf 79' lang='lat'>7,</span> <span class='ocrx_word' id='word_1_202' title='bbox 798 2905 832 2952; x_wconf 78' lang='lat'>20</span> <span class='ocrx_word' id='word_1_203' title='bbox 940 2903 1008 2953; x_wconf 89' lang='lat' dir='ltr'>nata</span> <span class='ocrx_word' id='word_1_204' title='bbox 1030 2900 1103 2954; x_wconf 89' lang='lat' dir='ltr'>inibi</span> 
     </span>
     <span class='ocr_line' id='line_1_31' title="bbox 87 2968 1029 3038; baseline 0.003 -16"><span class='ocrx_word' id='word_1_205' title='bbox 87 2984 148 3022; x_wconf 86' lang='lat' dir='ltr'>esse</span> <span class='ocrx_word' id='word_1_206' title='bbox 166 2968 237 3021; x_wconf 89' lang='lat' dir='ltr'>haec</span> <span class='ocrx_word' id='word_1_207' title='bbox 256 2970 322 3036; x_wconf 76' lang='lat' dir='ltr'>(scil.</span> <span class='ocrx_word' id='word_1_208' title='bbox 342 2968 484 3038; x_wconf 85' lang='lat' dir='ltr'>superbia)</span> <span class='ocrx_word' id='word_1_209' title='bbox 504 2985 538 3022; x_wconf 83' lang='lat' dir='ltr'>ex</span> <span class='ocrx_word' id='word_1_210' title='bbox 556 2968 760 3038; x_wconf 83' lang='lat' dir='ltr'>Campanorum</span> <span class='ocrx_word' id='word_1_211' title='bbox 778 2969 893 3024; x_wconf 84' lang='lat' dir='ltr'>fastidio</span> <span class='ocrx_word' id='word_1_212' title='bbox 912 2970 1029 3025; x_wconf 89' lang='lat' dir='ltr'>videtur.</span> 
     </span>
    </p>
   </div>
   <div class='ocr_carea' id='block_1_5' title="bbox 87 3062 302 3071">
    <p class='ocr_par' dir='ltr' id='par_1_15' title="bbox 87 3062 302 3071">
     <span class='ocr_line' id='line_1_32' title="bbox 87 3062 302 3071; baseline -0.009 0"><span class='ocrx_word' id='word_1_213' title='bbox 87 3062 302 3071; x_wconf 81' lang='lat'>—---———</span> 
     </span>
    </p>
   </div>
   <div class='ocr_carea' id='block_1_6' title="bbox 84 3110 1143 3601">
    <p class='ocr_par' dir='ltr' id='par_1_16' title="bbox 84 3110 1143 3601">
     <span class='ocr_line' id='line_1_33' title="bbox 154 3110 1100 3182; baseline 0.001 -18"><span class='ocrx_word' id='word_1_214' title='bbox 154 3117 169 3164; x_wconf 84' lang='lat'><strong>3</strong></span> <span class='ocrx_word' id='word_1_215' title='bbox 193 3110 296 3164; x_wconf 89' lang='lat' dir='ltr'>meruit</span> <span class='ocrx_word' id='word_1_216' title='bbox 315 3112 392 3179; x_wconf 74' lang='lat' dir='ltr'>Orco,</span> <span class='ocrx_word' id='word_1_217' title='bbox 411 3127 479 3166; x_wconf 78' lang='lat' dir='ltr'>corr.</span> <span class='ocrx_word' id='word_1_218' title='bbox 497 3111 534 3166; x_wconf 85' lang='lat' dir='ltr'>Or</span> <span class='ocrx_word' id='word_1_219' title='bbox 601 3111 803 3182; x_wconf 67' lang='lat' dir='ltr'>Tscaoou-ll</span> <span class='ocrx_word' id='word_1_220' title='bbox 880 3118 895 3166; x_wconf 83' lang='lat'>6</span> <span class='ocrx_word' id='word_1_221' title='bbox 919 3113 1100 3168; x_wconf 72' lang='grc' dir='ltr'>ΝὰΤΙΟΝΕΜ</span> 
     </span>
     <span class='ocr_line' id='line_1_34' title="bbox 87 3183 1102 3251; baseline 0.004 -15"><span class='ocrx_word' id='word_1_222' title='bbox 87 3183 197 3242; x_wconf 63' lang='lat' dir='ltr'>eacus</span> <span class='ocrx_word' id='word_1_223' title='bbox 253 3183 378 3238; x_wconf 72' lang='lat' dir='ltr'>coelae</span> <span class='ocrx_word' id='word_1_224' title='bbox 478 3188 511 3235; x_wconf 91' lang='lat'>10</span> <span class='ocrx_word' id='word_1_225' title='bbox 534 3185 562 3237; x_wconf 87' lang='lat' dir='ltr'>te</span> <span class='ocrx_word' id='word_1_226' title='bbox 582 3199 691 3251; x_wconf 87' lang='lat' dir='ltr'>semper</span> <span class='ocrx_word' id='word_1_227' title='bbox 708 3184 784 3238; x_wconf 86' lang='lat' dir='ltr'>codd.</span> <span class='ocrx_word' id='word_1_228' title='bbox 801 3185 855 3239; x_wconf 77' lang='lat' dir='ltr'>Cic.</span> <span class='ocrx_word' id='word_1_229' title='bbox 912 3186 1018 3238; x_wconf 84' lang='lat' dir='ltr'>ceteros</span> <span class='ocrx_word' id='word_1_230' title='bbox 1038 3185 1102 3240; x_wconf 81' lang='lat' dir='ltr'>Cmc</span> 
     </span>
     <span class='ocr_line' id='line_1_35' title="bbox 87 3254 1102 3322; baseline 0.002 -16"><span class='ocrx_word' id='word_1_231' title='bbox 87 3256 215 3308; x_wconf 87' lang='lat' dir='ltr'>senatum</span> <span class='ocrx_word' id='word_1_232' title='bbox 224 3256 309 3322; x_wconf 87' lang='lat' dir='ltr'>atque</span> <span class='ocrx_word' id='word_1_233' title='bbox 320 3270 415 3309; x_wconf 88' lang='lat' dir='ltr'>omnes</span> <span class='ocrx_word' id='word_1_234' title='bbox 424 3255 512 3308; x_wconf 89' lang='lat' dir='ltr'>bonos</span> <span class='ocrx_word' id='word_1_235' title='bbox 522 3255 658 3310; x_wconf 69' lang='lat' dir='ltr'>codddlic.</span> <span class='ocrx_word' id='word_1_236' title='bbox 712 3261 743 3308; x_wconf 91' lang='lat'>11</span> <span class='ocrx_word' id='word_1_237' title='bbox 755 3254 881 3308; x_wconf 87' lang='lat' dir='ltr'>crudeles</span> <span class='ocrx_word' id='word_1_238' title='bbox 891 3255 1102 3310; x_wconf 85' lang='lat' dir='ltr'>demonstrabas</span> 
     </span>
     <span class='ocr_line' id='line_1_36' title="bbox 86 3325 1103 3396; baseline 0.003 -19"><span class='ocrx_word' id='word_1_239' title='bbox 86 3325 173 3379; x_wconf 86' lang='lat' dir='ltr'>fuisse</span> <span class='ocrx_word' id='word_1_240' title='bbox 195 3327 271 3380; x_wconf 84' lang='lat' dir='ltr'>codd.</span> <span class='ocrx_word' id='word_1_241' title='bbox 288 3327 342 3381; x_wconf 82' lang='lat' dir='ltr'>Cc&#39;c.</span> <span class='ocrx_word' id='word_1_242' title='bbox 426 3332 458 3379; x_wconf 84' lang='lat'>15</span> <span class='ocrx_word' id='word_1_243' title='bbox 484 3325 623 3381; x_wconf 85' lang='lat' dir='ltr'>tulumC</span> <span class='ocrx_word' id='word_1_244' title='bbox 702 3331 734 3380; x_wconf 87' lang='grc'>16</span> <span class='ocrx_word' id='word_1_245' title='bbox 762 3326 884 3380; x_wconf 87' lang='lat' dir='ltr'>inimicis</span> <span class='ocrx_word' id='word_1_246' title='bbox 906 3327 948 3380; x_wconf 86' lang='lat' dir='ltr'>rei</span> <span class='ocrx_word' id='word_1_247' title='bbox 970 3327 1103 3396; x_wconf 84' lang='lat' dir='ltr'>publicae</span> 
     </span>
     <span class='ocr_line' id='line_1_37' title="bbox 86 3397 1119 3469; baseline -0.008 -19"><span class='ocrx_word' id='word_1_248' title='bbox 86 3397 232 3451; x_wconf 80' lang='lat' dir='ltr'>codolOc&#39;c.</span> <span class='ocrx_word' id='word_1_249' title='bbox 325 3403 356 3451; x_wconf 80' lang='lat'>17</span> <span class='ocrx_word' id='word_1_250' title='bbox 382 3397 790 3469; x_wconf 74' lang='grc' dir='ltr'>...Ρ....ΙΜΕΝΟΝΕΙΟΕ..</span> <span class='ocrx_word' id='word_1_251' title='bbox 819 3399 864 3451; x_wconf 74' lang='grc' dir='ltr'>,Τ</span> <span class='ocrx_word' id='word_1_252' title='bbox 884 3400 1119 3463; x_wconf 53' lang='lat' dir='ltr'>„petronace</span> 
     </span>
     <span class='ocr_line' id='line_1_38' title="bbox 86 3461 1143 3540; baseline 0.001 -19"><span class='ocrx_word' id='word_1_253' title='bbox 86 3468 212 3522; x_wconf 82' lang='lat' dir='ltr'>etaltera</span> <span class='ocrx_word' id='word_1_254' title='bbox 227 3473 242 3520; x_wconf 92' lang='lat'><strong><em>1</em></strong></span> <span class='ocrx_word' id='word_1_255' title='bbox 257 3485 305 3522; x_wconf 83' lang='lat' dir='ltr'>cm.</span> <span class='ocrx_word' id='word_1_256' title='bbox 316 3473 381 3523; x_wconf 83' lang='lat'>=2</span> <span class='ocrx_word' id='word_1_257' title='bbox 396 3471 446 3522; x_wconf 74' lang='lat' dir='ltr'>litt.</span> <span class='ocrx_word' id='word_1_258' title='bbox 461 3470 610 3537; x_wconf 71' lang='lat' dir='ltr'>conticeat,</span> <span class='ocrx_word' id='word_1_259' title='bbox 626 3469 714 3526; x_wconf 81' lang='lat' dir='ltr'>tertio</span> <span class='ocrx_word' id='word_1_260' title='bbox 729 3467 1015 3540; x_wconf 53' lang='lat' dir='ltr'>1³1,cm.=4lttt-s</span> <span class='ocrx_word' id='word_1_261' title='bbox 1031 3461 1143 3523; x_wconf 51' lang='lat' dir='ltr'>alm*</span> 
     </span>
     <span class='ocr_line' id='line_1_39' title="bbox 84 3531 986 3601; baseline -0.007 -10"><span class='ocrx_word' id='word_1_262' title='bbox 84 3544 167 3592; x_wconf 81' lang='lat' dir='ltr'>lem.</span> <span class='ocrx_word' id='word_1_263' title='bbox 183 3565 216 3583; x_wconf 83' lang='lat'>=</span> <span class='ocrx_word' id='word_1_264' title='bbox 233 3543 256 3592; x_wconf 72' lang='lat'><em>2</em></span> <span class='ocrx_word' id='word_1_265' title='bbox 272 3540 323 3595; x_wconf 73' lang='lat' dir='ltr'>ccc</span> <span class='ocrx_word' id='word_1_266' title='bbox 409 3547 440 3595; x_wconf 79' lang='lat'>21</span> <span class='ocrx_word' id='word_1_267' title='bbox 468 3543 686 3601; x_wconf 71' lang='lat' dir='ltr'>aetocoelo</span> <span class='ocrx_word' id='word_1_268' title='bbox 771 3546 810 3594; x_wconf 73' lang='lat' dir='ltr'>‘m</span> <span class='ocrx_word' id='word_1_269' title='bbox 836 3551 944 3590; x_wconf 76' lang='lat' dir='ltr'>coram</span> <span class='ocrx_word' id='word_1_270' title='bbox 960 3531 986 3581; x_wconf 83' lang='lat' dir='ltr'>C</span> 
     </span>
    </p>
   </div>
   <div class='ocr_carea' id='block_1_7' title="bbox 0 0 1234 3816">
    <p class='ocr_par' dir='ltr' id='par_1_17' title="bbox 0 0 1234 3816">
     <span class='ocr_line' id='line_1_40' title="bbox 0 0 1234 3816; baseline 0 0"><span class='ocrx_word' id='word_1_271' title='bbox 0 0 1234 3816; x_wconf 95' lang='lat' dir='ltr'> </span> 
     </span>
    </p>
   </div>
  </div>
 </body>
</html>
