2460 3816
588 135 602 193 s
623 133 736 181 aa-ro.
1124 129 1165 191 17

118 323 120 325 ·
215 295 252 352 Si
283 294 532 370 respondisset
558 295 651 354 idem
679 297 815 354 sentire
841 297 876 353 et
899 313 1016 354 secum
1043 298 1163 355 facero

148 384 295 459 Syllam.

277 480 315 539 ad
332 482 460 539 formam
481 482 681 539 concessivam
699 499 841 541 revocans
861 483 1164 559 argumentationem:

147 571 266 628 etiamsi
316 569 526 644 quaerentibus
577 566 672 628 Gallis
721 569 923 645 respondisset
967 569 999 628 L.
1045 569 1163 633 Cassius

120 658 178 718 sP.
204 659 317 734 Syllam
348 658 436 718 huius
464 659 534 717 initi
561 660 665 718 contra
691 676 755 716 rem
782 678 810 734 p.
834 659 952 718 sceleris
980 676 1042 719 esse
1069 662 1164 735 parti·

148 750 257 822 cipem,
289 748 389 806 valere
421 766 481 806 non
514 746 649 806 debuisse
681 766 735 822 pro
763 748 896 821 crimine,
929 747 1047 822 quando
1075 749 1163 808 facile

147 835 315 894 crederetur
336 836 436 910 illum,
466 855 523 910 quo
551 853 634 910 spem
660 834 856 895 robustiorem
880 833 974 896 Gallis
1003 836 1100 910 daret,
1128 837 1164 896 de

146 924 330 984 nobilissimo
353 926 419 984 viro
442 943 502 983 non
525 924 676 983 dubitasse
697 925 826 982 mentiri.
864 923 945 993 Quae
965 927 1164 984 ...multum

146 1013 281 1088 proficiet
309 1013 348 1072 ad
374 1011 464 1087 illud,
492 1013 572 1088 quod
594 1016 756 1090 negaverat
780 1011 898 1072 cassius
921 1031 952 1072 se
975 1016 1161 1090 comperisse,

106 1122 132 1162 ro
147 1103 220 1176 quid
242 1104 335 1160 animi
359 1101 444 1177 Sylla
466 1101 602 1176 haberet,
630 1104 666 1160 ut
687 1102 748 1160 tale
773 1121 865 1179 genus
887 1104 1088 1178 responsionis
1112 1102 1162 1162 ab·

146 1191 241 1248 solute
264 1192 439 1268 purgaverit
460 1192 671 1249 innocentiam.

211 1288 292 1346 Nisi
319 1289 413 1347 forte
437 1290 514 1346 veri
541 1288 661 1347 simile
689 1291 743 1346 est
765 1288 797 1345 P.
822 1288 945 1364 Syllae
973 1306 1099 1346 nomen
1121 1290 1158 1347 in
1182 1291 1197 1351 ἓ
1228 1310 1230 1315 “

145 1378 315 1435 memoria
340 1375 463 1436 Cassio
488 1396 556 1435 non
579 1377 701 1436 fuisse.

286 1474 472 1533 Verisimilia
504 1474 655 1533 contrahit
686 1476 863 1551 argumenta
893 1492 947 1549 per
984 1475 1162 1550 qualitatem

105 1582 130 1623 rs
144 1580 296 1636 personae,
321 1581 410 1636 quam
434 1565 549 1640 generis
573 1561 715 1621 nobilitas
738 1561 934 1636 inlustrabat,
958 1565 993 1620 ut
1014 1581 1045 1622 se
1069 1566 1161 1622 etiam

144 1670 203 1708 non
237 1653 392 1725 quaerenti
415 1649 518 1710 Cassio
541 1652 674 1726 potuerit
699 1651 802 1709 offerre
835 1669 888 1709 nec
915 1653 1016 1709 tamen
1045 1652 1159 1726 aliquid

144 1739 195 1797 ille
219 1758 250 1798 se
273 1739 381 1798 dixerit
404 1741 589 1816 comperisse.

212 1836 279 1894 Sed
306 1856 369 1915 ego
396 1838 433 1895 in
462 1835 737 1912 quaestionibus
765 1838 800 1893 et
822 1835 975 1895 indiciis
1003 1855 1073 1895 non
1095 1837 1195 1900 hoct
1228 1855 1230 1863 ⁴

146 1925 386 1998 quaerendum
417 1924 588 1999 arbitror,
621 1944 701 1983 num
733 1926 908 2002 purgetur
941 1925 1070 2000 aliqui,
1102 1925 1163 1984 sed

88 2033 131 2073 ao
145 2034 225 2071 num
249 2016 432 2091 arguatur.

287 2114 317 2170 et
343 2129 487 2186 perquam
515 2111 676 2169 exercitata
706 2108 903 2186 respondendi
925 2109 1069 2169 facultate
1092 2129 1160 2186 pro-

144 2201 288 2273 positioni
325 2201 505 2258 accusaton's
543 2200 672 2257 occurrit
703 2217 763 2258 non
794 2192 880 2256 illud
903 2197 1097 2273 spectandum
1130 2201 1161 2257 in

143 2288 272 2362 indiciis,
296 2307 335 2347 an
354 2288 490 2347 defensus
510 2289 550 2346 sit
569 2288 672 2363 aliqui,
691 2288 800 2346 sedan
818 2288 999 2361 nominatus,
1018 2289 1160 2362 quoniam

144 2376 240 2434 videri
262 2378 358 2452 possit
377 2378 468 2435 etiam
494 2377 587 2435 stulta
610 2376 742 2436 defensio
765 2376 798 2434 id
821 2374 900 2451 quod
923 2394 983 2434 non
1007 2379 1161 2435 accusetur

105 2483 131 2524 as
146 2465 222 2523 velle
245 2484 382 2542 purgare.
463 2479 465 2482 ’

212 2562 385 2621 Exclusus
417 2563 482 2622 hac
511 2562 767 2622 criminatione
797 2560 1000 2636 Torquatus
1033 2563 1195 2622 rursusi
1219 2580 1230 2603 ‘-

143 2651 180 2707 in
203 2669 254 2708 me
273 2651 402 2724 inruit,
425 2669 476 2708 me
496 2652 655 2725 accusat3
679 2651 732 2709 ait
755 2668 806 2707 me
830 2649 940 2708 aliter
964 2667 1002 2707 ac
1026 2648 1162 2706 dictum

144 2739 206 2812 sit,
243 2740 279 2796 in
315 2737 459 2797 tabulas
497 2738 662 2813 publicas
694 2737 893 2796 rettulisse.
954 2733 979 2794 Ο
1013 2735 1065 2793 dii
1096 2737 1161 2793 im·

145 2826 331 2885 mortales!
355 2828 385 2884 et
407 2827 539 2885 relicum.

212 3071 227 3118 3
256 3065 305 3120 lac.
325 3083 373 3119 aa.
389 3066 437 3120 lia.
450 3067 483 3134 -l-
499 3064 549 3136 311,
566 3083 614 3120 em.
630 3090 663 3110 =
678 3069 715 3119 24
733 3064 784 3119 litt.
804 3065 859 3118 ἀπὸ
878 3069 929 3117 τοῦ
949 3063 1078 3118 ἐναντίου
1099 3064 1161 3118 καθ’

144 3140 291 3193 dedecor?
372 3142 389 3188 4
416 3135 500 3208 (ait)
524 3135 636 3191 etiamsi
654 3136 742 3191 Halm
821 3140 837 3187 ο
865 3133 941 3188 initii
967 3135 990 3189 0
1066 3139 1081 3186 8
1110 3135 1160 3189 tac.

143 3209 422 3279 4¹l,cra.=12le'tt
441 3210 671 3276 roccaromana
745 3209 777 3259 10
797 3204 943 3259 absolutae
964 3206 987 3260 0
1057 3211 1090 3258 14
1109 3206 1158 3260 lac.

143 3279 195 3350 5¹s,
216 3281 249 3348 -Ι-
268 3284 286 3332 4
304 3294 352 3333 em.
373 3305 406 3324 =
424 3283 462 3334 20
480 3280 530 3335 aa.
551 3281 606 3334 ἀπὸ
625 3283 675 3334 τοῦ
695 3278 802 3332 εἰκότος
819 3279 923 3331 staec?
1010 3280 1043 3329 16
1063 3273 1161 3329 efferre

146 3351 218 3416 Ome,
229 3365 295 3405 corr.
302 3349 428 3405 Niebuhr
473 3355 505 3403 17
517 3347 740 3421 cousuluisse
792 3351 824 3400 18
835 3346 865 3399 in
874 3345 987 3400 iudiciis
998 3349 1026 3401 et
1035 3346 1065 3398 in
1075 3361 1161 3413 quae-

145 3420 283 3474 stionibus
297 3421 435 3476 codddic.
509 3419 998 3476 21lae.4cm.=8litt.oovarocr
1066 3421 1100 3468 22
1115 3431 1161 3468 ex-

143 3491 329 3560 spectandum
349 3492 421 3558 Ome,
439 3505 506 3547 corr.
521 3491 554 3548 st
621 3495 654 3544 23
674 3487 917 3560 alluulrlsetsu
936 3487 1055 3553 aliquis,
1067 3500 1113 3534 aa
1126 3486 1173 3543 'qu

200 3588 294 3630 schem
306 3589 431 3630 oostensa
446 3589 481 3629 ee.
492 3588 655 3629 missenum.
1000 3576 1025 3618 (λ
