2460 3816
103 122 190 176 XLIV
497 121 712 177 PRAEFATIO.

104 310 139 349 ex
168 290 364 350 Bobiensibus
394 294 532 366 excerpta
561 293 592 349 in
627 291 835 352 dissertatione
866 285 965 374 mea²)
995 293 1116 353 demon-

104 381 206 438 stravi.
237 379 337 456 Atque
356 399 537 455 quamquam
557 379 718 440 Gurlittius
737 384 825 457 putat
842 382 920 440 hano
938 383 1117 442 sententiam

104 488 151 526 me
175 470 262 528 certis
285 468 463 528 testimoniis
481 488 541 528 non
560 472 690 544 evicisse,
712 489 889 546 persuasum
910 471 1005 530 habeo
1023 471 1115 530 nemi-

105 576 173 616 nem
195 557 402 617 dubitaturum
425 576 497 632 esse,
520 560 547 618 si
568 559 655 618 modo
673 559 812 634 perlectis
832 578 907 633 quae
930 560 972 619 ibi
996 563 1118 635 exposui

105 665 198 723 genus
221 647 352 719 dicendi,
380 666 438 723 quo
462 648 622 707 scholiasta
648 649 753 722 utitur,
777 667 844 707 oum
867 669 901 709 eo
924 648 1120 724 comparabit,

8 750 9 754 ’
105 735 184 812 quod
202 736 314 794 inillis
333 738 478 812 excerptis
497 736 666 813 adhibetur3
690 737 737 796 cui
755 739 800 796 rei
817 737 945 796 indicem
963 737 1121 797 verborum

106 843 239 901 apposur.
621 861 622 865 =

173 913 227 972 His
260 915 415 990 explicatis
446 916 508 973 iam
539 917 646 989 restat,
678 917 713 973 ut
740 914 889 989 omnibus,
918 917 970 990 qui
997 914 1032 974 de
1063 917 1119 975 hac

106 1003 234 1061 editione
261 1002 335 1062 bene
361 1007 549 1079 meruerunt,
577 1005 690 1080 gratias
723 1023 814 1079 quam
840 1007 985 1063 maximas
1016 1022 1121 1082 agam:

104 1091 251 1166 imprimis
282 1091 469 1151 Friderico
492 1092 616 1166 Leoni,
649 1093 701 1168 qui
732 1094 869 1170 magistri
899 1093 1017 1153 nomine
1045 1093 1121 1152 mihi

104 1180 154 1256 pie
177 1180 318 1240 colendus
341 1199 400 1240 non
423 1182 519 1240 solum
542 1200 590 1240 me
608 1181 731 1241 consilio
750 1181 801 1240 sed
820 1182 910 1240 etiam
929 1200 1016 1258 opere
1039 1182 1125 1240 adiu-

105 1271 158 1344 vit,
178 1268 282 1328 deinde
298 1271 490 1329 Francisco
505 1270 628 1344 Ehrle,
642 1272 695 1345 qui
707 1270 983 1330 benevolentissime
999 1289 1121 1346 operam

106 1358 201 1432 dedit,
223 1362 258 1417 ut
280 1379 327 1419 me
349 1359 382 1417 in
405 1359 504 1418 codice
527 1359 636 1418 iterum
659 1361 750 1434 atque
772 1361 883 1418 iterum
905 1359 1030 1436 legendo
1054 1359 1121 1418 sub·

105 1447 231 1522 levaret,
250 1447 377 1523 denique
391 1448 640 1507 Maximiliano
655 1449 748 1506 Treu
763 1450 793 1508 et
806 1448 953 1507 Ewaldo
967 1447 1123 1524 Krause,

1 1598 3 1602 ,
105 1538 159 1612 qui
181 1555 297 1595 mecum
320 1537 458 1614 plagulas
478 1540 674 1597 correxerunt.
706 1537 811 1613 Neque
829 1536 994 1597 liberalitas
1012 1536 1119 1595 biblio-

105 1626 193 1701 polae
216 1625 373 1686 clarissimi
391 1626 509 1685 silentio
528 1627 795 1700 praetermittenda
813 1629 870 1702 est,
894 1625 995 1701 quiet
1014 1626 1132 1685 editio-'

105 1734 173 1773 nem
196 1714 279 1792 large
297 1715 439 1775 instruxit
457 1714 760 1792 duabusque-tabulis
779 1714 981 1790 phototypiois
1001 1716 1122 1774 ornavit

106 1821 160 1862 nec
183 1805 362 1878 patientiam
384 1823 438 1880 per
460 1807 506 1862 tot
525 1821 617 1882 annos
640 1805 819 1879 temptatam
840 1803 979 1880 perdidit.

173 1892 233 1951 llos
256 1911 336 1966 vero,
360 1892 413 1968 qui
435 1893 514 1952 hune
537 1893 672 1951 libellum
695 1893 804 1970 legent,
827 1911 940 1968 precor,
965 1894 1000 1951 ut
1022 1893 1121 1952 varios

107 1999 220 2039 errores
245 1983 392 2057 excusent,
415 1983 467 2056 qui
485 1982 516 2039 in
534 1984 650 2040 textum
667 1984 857 2057 irrepserrmt.
888 1980 1009 2040 Etenim
1027 1983 1121 2039 mani-

106 2069 217 2128 festum
245 2074 290 2129 est
316 2091 376 2144 me,
405 2072 668 2146 quotienscumque
694 2073 727 2128 in
758 2071 894 2129 morbum
925 2069 1030 2144 incidi,
1062 2089 1122 2129 non

107 2157 181 2216 satis
209 2161 345 2218 accurate
373 2159 510 2236 plagulas
539 2161 685 2237 corrigere
714 2160 859 2235 potuisse,
892 2159 1008 2233 aliquot
1039 2158 1121 2217 locos

107 2247 168 2304 iam
195 2250 276 2324 typis
305 2267 456 2323 expressos
483 2247 579 2306 denuo
605 2249 636 2306 in
659 2248 758 2308 codice
782 2248 894 2308 contuli
918 2251 1007 2321 atque
1031 2249 1120 2305 corri-

107 2336 218 2413 gendos
260 2336 407 2412 intellexi3
447 2355 526 2395 nuno
567 2339 672 2412 opinor
707 2337 812 2396 tabula
850 2336 984 2397 subiecta
1019 2354 1120 2395 omnes

107 2425 201 2499 locos,
219 2426 251 2482 in
266 2425 372 2501 quibus
392 2427 446 2484 aut
463 2426 620 2501 typotheta
639 2429 693 2484 aut
711 2445 766 2504 ego
782 2428 954 2500 erravimus,
968 2424 1121 2483 contineri.

180 2596 205 2664 1)
220 2613 250 2664 e·
266 2600 346 2665 riser·
