2460 3816
136 168 178 231 18
515 164 586 219 reo
609 163 639 217 P.
660 164 775 218 suum

283 335 368 392 iuxta
395 333 575 411 dignitatem
605 351 757 408 personae.
804 326 883 392 Μετ’
907 326 1151 406 ἀγανακτήεεω(

135 419 215 482 κατὰ
236 417 365 493 γένεειν.
407 422 443 480 In
462 440 612 481 excessum
630 422 712 480 locus
731 423 812 479 totus
832 421 994 480 effunditur
1017 440 1084 480 oum
1106 424 1152 480 iu-

136 512 308 590 dignatione
332 511 508 570 vehementi.
554 510 605 568 Fit
632 510 711 568 enim
739 511 909 569 coniectura
936 509 1083 585 incidens,
1114 529 1152 569 an

135 600 166 658 P.
192 600 293 676 Syllae
320 618 429 658 nomen
461 598 641 658 subtraxerit
670 597 771 657 Cicero
800 601 830 656 et
856 599 890 656 id
917 601 1025 677 egerit,
1056 618 1093 657 ne
1120 600 1152 657 in

134 689 253 749 tabulas
277 688 412 764 publicas
435 689 603 746 referretrn.
637 687 709 745 Non
732 686 835 746 debuit
857 706 927 765 ergo
950 688 1105 746 humiliter
1123 691 1153 745 et
1181 707 1193 747 5

134 777 240 836 timide
262 778 339 836 hane
363 777 573 850 defensionem,
601 776 653 835 sed
675 794 742 834 eum
765 777 880 851 impetu
902 776 1152 853 flagrantissimae

135 867 351 944 indignationis
379 865 517 941 implere,
550 866 636 940 quasi
663 866 790 924 monstri
818 865 915 923 simile
943 866 983 924 sit
1010 867 1042 922 in
1066 867 1152 924 tanto

136 955 255 1014 consule
283 953 399 1029 aliquid
428 955 561 1029 potuisse
588 952 702 1012 fraudis
731 954 863 1011 existere.
913 951 979 1011 Hae
1007 956 1077 1012 sunt
1096 953 1152 1011 ‘de-

135 1044 296 1118 fensiones,
325 1045 454 1118 quaein
482 1043 615 1117 personis
638 1040 814 1101 inlustribus
839 1041 986 1117 quendam
1013 1043 1152 1117 spiritum

135 1133 232 1192 laudis
255 1133 422 1190 imitantur.
1167 1152 1193 1190 ro

45 1225 124 1285 §41-
202 1220 357 1279 Institui
388 1223 588 1293 senatoreS‚
617 1221 678 1295 qui
705 1220 823 1279 omnia
850 1219 1009 1277 iudicum
1041 1219 1152 1293 dicta,

47 1311 380 1387 §ll-interrogata,
420 1326 593 1384 responsa
633 1307 909 1383 perscriberent.
977 1307 1023 1366 At
1065 1326 1151 1383 quos

135 1399 248 1457 viros!
285 1416 354 1457 non
386 1398 501 1455 solum
532 1415 667 1456 summa
697 1396 784 1471 fide,
817 1397 878 1454 sed
909 1398 1032 1470 etiarn,
1065 1416 1151 1471 quos

135 1486 292 1547 sciebam
323 1487 507 1553 memoria,
541 1487 710 1559 scientia,
743 1485 935 1545 celeritate
968 1484 1151 1544 scribendi

134 1576 313 1634 facillime
342 1593 431 1650 quae
455 1574 662 1632 dicerentur
688 1574 857 1649 persequi
879 1591 991 1648 posse.
1166 1594 1192 1635 15

202 1664 251 1722 Ad
269 1663 441 1721 diluendam
460 1664 673 1738 quaestionem,
697 1681 781 1737 quae,
804 1665 839 1720 ut
857 1662 995 1736 diximus,
1017 1662 1150 1722 incidens

51 1800 54 1803 ,
134 1756 206 1811 nata
229 1755 288 1826 est,
312 1771 350 1810 an
372 1752 482 1811 falsum
507 1751 609 1810 consul
634 1753 666 1809 in
688 1750 807 1809 tabulas
830 1750 964 1826 publicas
991 1751 1151 1826 rettulerit,

132 1842 302 1900 inferumtur
324 1841 397 1900 haee
421 1840 556 1915 exempla
577 1839 777 1913 validissima,
800 1840 880 1914 quod
904 1838 1151 1898 adscribendum

134 1949 229 2004 omne,
249 1929 329 2004 quod
347 1929 461 1987 iudices
479 1929 717 2004 pronuntiarent,
741 1928 863 1987 idoneos
882 1927 1049 1986 admoverit
1067 1947 1150 1988 sena-

133 2021 221 2077 tores.
267 2017 308 2076 ut
331 2008 496 2094 *vigilanter
524 2017 582 2075 duo
609 2017 671 2075 illis
699 2018 860 2092 praecipua
888 2019 918 2074 et
946 2034 1021 2090 quae
1045 2016 1083 2076 ad
1105 2019 1149 2075 in·
1165 2037 1192 2076 ao

133 2109 332 2166 strumentum
360 2105 430 2164 fidei
461 2107 628 2164 necessaria
660 2108 729 2164 sunt
762 2100 916 2164 adscribit}
950 2102 1043 2163 animi
1074 2107 1150 2164 inte-

134 2196 275 2272 gritatem
303 2197 334 2252 et
359 2194 549 2253 velocitatem
573 2193 732 2268 scribendi,
760 2197 794 2252 ut
820 2193 891 2253 fides
919 2212 978 2252 non
1002 2193 1151 2269 deceperit

133 2285 291 2342 veritatem

435 2370 564 2442 (Desunt
587 2370 673 2430 XVI
686 2370 840 2445 popinae.)

134 2504 140 2517 .
157 2504 162 2515 .
179 2505 184 2516 .
209 2477 375 2518 conuersus.
820 2513 823 2518 .
1161 2479 1187 2516 25

45 2549 122 2609 591·
201 2545 225 2605 Ο
249 2549 431 2620 miserum,
454 2548 640 2618 infelicem
662 2548 767 2605 illum
791 2548 890 2605 diem.

200 2633 336 2695 Oratorie
364 2636 500 2711 deplorat
528 2637 619 2694 etiam
646 2636 723 2694 illud
749 2638 880 2712 tempus,
909 2654 966 2710 quo
991 2636 1148 2695 damnatus

133 2727 178 2783 est
201 2723 330 2784 ambitus
355 2725 492 2799 crimine,
519 2726 608 2784 utin
632 2743 665 2783 eo
689 2725 806 2784 desinat
828 2724 993 2784 invidiosus
1018 2742 1093 2798 esse,
1117 2726 1148 2782 in

134 2833 192 2887 quo
215 2813 400 2873 miserandus
425 2815 618 2873 existimetur.

44 2902 121 2962 §92-
199 2902 264 2961 Vos
287 2904 487 2961 reiectione
510 2904 734 2977 interposita
756 2902 849 2961 nihil
877 2901 1147 2978 suspicantibus
1162 2921 1191 2960 eo

132 2989 234 3050 nobis
270 2992 455 3066 repentini
495 2992 531 3048 in
567 2995 640 3050 nos'
666 2990 804 3049 iudices
846 2991 1065 3051 consedistis
1107 2991 1148 3049 ab

200 3181 214 3226 1
235 3176 284 3229 lae.
295 3193 341 3228 uc.
354 3176 401 3229 lic.
413 3177 446 3244 -Ι-
460 3181 475 3228 1
490 3193 531 3230 cm
541 3202 574 3221 =
590 3181 624 3230 18
639 3178 688 3231 litt.
709 3178 865 3244 ἑκφώνηει(
884 3179 955 3231 κατὰ
975 3177 1112 3231 δείνωεινῖ

132 3245 238 3299 iustaC
263 3245 616 3314 ...nutricesocubibre
680 3248 731 3302 clu
760 3248 847 3302 altera
857 3249 1148 3315 lac.4cm.=16lc'tl.,

132 3316 219 3369 ultera
234 3321 249 3368 1
264 3332 312 3369 cm.
323 3342 356 3361 =
370 3320 390 3370 2
404 3317 454 3370 litt.
491 3318 606 3387 cestipic
618 3334 666 3372 cer
683 3334 761 3372 crum
774 3318 863 3387 suppl.
874 3319 1082 3387 perspiciuntur

133 3385 406 3454 bflagrantissimeO
450 3392 481 3440 11
493 3388 626 3442 constitui
636 3388 711 3444 codd.
720 3389 773 3443 Cic.
821 3394 854 3442 12
864 3389 932 3443 ado
974 3389 1124 3443 nonnoso

132 3457 317 3509 strumentum
333 3457 490 3526 emoneo,
504 3475 572 3513 corr.
588 3458 621 3513 St
687 3465 719 3513 21
740 3459 919 3514 adscribatG
983 3465 1016 3513 23
1033 3460 1121 3529 ΙΙΕΒΙΙΙ

121 3527 276 3581 finitatem
285 3543 331 3581 neo
376 3529 552 3583 26miserum
562 3531 591 3584 et
600 3528 742 3584 infelicem
752 3531 827 3586 cedd.
836 3532 889 3586 Oic.
937 3530 1151 3585 iteratoriaec'
