2460 3816
138 153 202 218 110
534 153 606 208 PRO
630 152 752 207 SESTIO

135 323 306 398 constituit,
343 341 433 398 quam
468 323 519 382 illi
551 341 605 381 rex
637 322 792 381 addixerat
823 340 890 380 cum
921 321 1086 398 Lampsaco
1118 326 1149 381 et

133 411 267 488 Myrmtq
289 412 367 470 unde
389 412 437 470 illi
459 413 627 470 necessaria
643 413 741 471 victus
760 411 975 470 exhiberentur.
1012 410 1149 487 Denique

135 503 209 576 aput
234 500 421 578 Magnesiam
453 501 586 559 decessit.
638 497 713 560 Ossa
745 501 808 559 eius
840 501 955 559 occulte
985 500 1019 557 in
1045 500 1150 560 Attica

134 591 252 665 sepulta
274 592 344 649 sunt
366 590 403 648 ab
427 591 539 648 amicis.
576 589 640 647 Alii
660 606 731 648 vero
755 591 1000 648 existimaverunt
1023 590 1149 648 eundem

134 680 302 760 venientem
331 679 370 737 ad
392 678 606 755 oppugnandas
629 677 762 737 Athenas
786 695 853 736 cum
875 677 993 737 Persico
1017 680 1148 737 exercitu
1176 697 1188 739 s

133 768 267 826 hausisse
289 769 443 825 taurinum
465 769 642 844 sanguinem
665 769 754 842 atque
777 768 822 825 ita
843 768 939 825 vitam
961 765 1069 826 finisse.

199 857 273 914 Nec
295 856 460 914 Miltiadi
483 857 682 916 calamitas.

201 943 349 1013 Quoniam
389 946 533 1004 curiosius
571 946 606 1003 de
643 945 841 1004 Themistocle
881 944 1009 1003 diximus
1047 962 1149 1003 eorum

133 1036 241 1112 gratia,
265 1034 318 1109 qui
335 1035 445 1093 litteris
464 1035 557 1092 etiam
575 1033 781 1094 secretioribus
807 1034 1000 1107 delectantur,
1018 1033 1149 1092 breviter

133 1123 349 1183 consideremus
377 1125 408 1181 et
434 1122 567 1182 Miltiadi
597 1126 731 1181 stemma.
778 1122 836 1192 Qui
862 1123 922 1181 fuit
948 1122 1147 1197 Atheniensis,
1162 1143 1189 1182 ro

134 1211 265 1271 Cimonis
288 1211 376 1271 filius.
422 1211 506 1270 Idem
533 1231 568 1269 ex
595 1213 715 1271 oraculo
738 1210 888 1286 Apollinis
916 1212 1034 1270 colonos
1058 1209 1148 1270 Cher·

132 1319 272 1360 ronesum
295 1301 418 1360 deduxit
440 1301 524 1359 velut
546 1303 733 1376 praepositus
760 1303 843 1378 regia
870 1302 1032 1375 potestate,
1061 1299 1147 1358 Lem-

133 1411 205 1448 num
227 1409 297 1449 vero
324 1391 357 1447 in
380 1391 527 1448 dicionem
549 1390 777 1448 Atheniensium
806 1389 922 1466 redegit
949 1391 979 1447 et
1002 1387 1147 1465 Cycladas

132 1481 254 1538 insulas.
314 1477 446 1555 Cumque
486 1498 537 1537 rex
572 1479 682 1538 Darius
718 1480 880 1537 exercitum
915 1478 1080 1538 induxisset
1114 1479 1148 1536 in

133 1566 289 1627 Graeciam
311 1570 448 1644 equitatu
466 1568 662 1644 peditatuque
680 1569 809 1626 maximo
829 1569 859 1625 et
877 1567 1034 1626 navalibus
1053 1569 1147 1641 copiis
1163 1587 1187 1628 15

132 1658 303 1732 instructus,
326 1659 359 1715 iu
381 1677 486 1733 campo
504 1657 681 1716 Marathone
703 1656 762 1714 dux
784 1656 864 1714 idem
881 1655 1032 1717 Miltiades
1051 1655 1148 1715 Persi-

133 1765 182 1807 cos
215 1747 360 1805 exercitus
392 1748 473 1805 vicit.
520 1745 632 1805 Verum
663 1747 767 1820 postea
798 1747 830 1802 in
863 1744 1005 1804 offensam
1037 1746 1148 1804 civium

133 1836 276 1894 deductus
308 1837 434 1910 pecunia
465 1835 610 1895 multatus
638 1836 691 1894 est.
742 1833 838 1902 Quam
868 1852 934 1892 cum
961 1853 1022 1892 non
1048 1837 1148 1908 posset

134 1925 291 1998 exsolvere,
313 1925 346 1981 in
369 1943 517 1983 carcerem
539 1925 688 1984 coniectus
711 1923 812 1997 ibique
835 1923 990 1982 defunctus
1014 1925 1066 1981 est.

199 2063 216 2109 4
234 2057 269 2122 of.
289 2055 344 2110 Cic.
364 2058 440 2110 Brut.
460 2057 499 2110 XI
516 2063 558 2111 43.
587 2057 660 2110 Plut.
680 2056 775 2110 Them.
796 2062 838 2110 31.

201 2133 234 2181 10
243 2145 297 2197 sqq.
312 2128 382 2197 Nep.
398 2128 469 2182 Milt.
487 2136 543 2194 1,1.
560 2134 575 2182 3
590 2127 742 2195 Miltiades,
758 2127 880 2181 Cimonis
895 2127 978 2195 filius,
992 2127 1146 2181 Athenien-

133 2200 178 2252 sis.
218 2241 269 2252 ...
290 2200 407 2267 accidit,
430 2201 464 2253 ut
481 2200 667 2253 Athenienses
687 2198 887 2253 Chersonesum
911 2198 1023 2252 colonos
1041 2198 1147 2252 vellent

132 2271 253 2324 mittere.
280 2313 330 2324 ...
354 2270 458 2339 Pythia
474 2271 628 2340 praecepit,
646 2273 679 2324 ut
697 2270 856 2324 Miltiadem
873 2271 1072 2339 imperatorem
1091 2270 1146 2323 sibi

133 2343 274 2395 sumerent
294 2384 298 2394 .
316 2385 320 2394 .
338 2383 365 2394 ..
393 2342 454 2396 Hoc
473 2341 579 2396 oraculi
597 2358 730 2411 responso
749 2341 893 2395 Miltiades
974 2339 1146 2395 Chersonne-

132 2430 194 2466 sum
213 2412 363 2481 profectus.

201 2488 233 2535 13
242 2499 296 2551 sqq.
316 2484 381 2537 ibid.
398 2490 422 2548 2,
433 2490 513 2553 lsqq.
541 2526 581 2537 ...
601 2483 738 2537 Lemnum
752 2483 901 2537 revertitur
915 2527 920 2537 .
933 2527 938 2537 .
951 2526 970 2536 ..
999 2482 1082 2536 Cares
1102 2525 1143 2537 ...

132 2553 365 2623 demigraverunt.
409 2555 475 2608 Pari
502 2555 640 2609 felicitate
664 2557 770 2608 ceteras
798 2554 919 2621 insulas,
948 2571 1020 2624 quae
1048 2554 1145 2622 Cycla·

132 2626 181 2679 des
199 2625 388 2693 nominantur,
407 2627 457 2679 sub
476 2626 690 2680 Atheniensium
708 2626 820 2695 redegit
836 2628 1014 2694 potestatem.

200 2702 233 2750 14
251 2697 317 2751 abid.
332 2703 357 2763 4,
374 2704 452 2767 lsqq.
476 2697 577 2750 Darius
664 2696 782 2750 classem
800 2697 1017 2766 quingentarum
1030 2696 1144 2749 navium

132 2768 306 2837 comparavit
386 2770 507 2823 ducenta
529 2769 670 2838 peditum,
697 2769 794 2822 decem
812 2769 940 2837 equitum
957 2768 1038 2821 milia
1057 2768 1143 2821 dedit.

132 2881 138 2894 ⁸
155 2883 160 2892 ι
177 2884 182 2893 .
199 2841 562 2981 loqurgqurrrzeqqrqpqqullqlga
562 2841 688 2966 11}ssququ
701 2841 897 2977 deesdffidunt.
924 2910 1068 2963 Miltiades
1093 2953 1120 2963 ..
1138 2952 1142 2962 .

130 2998 316 3051 magnacum
339 2982 492 3037 offensione
512 2982 614 3036 civium
633 3000 746 3036 suorum
768 2982 880 3036 rediret.
917 2981 1072 3035 Accusatus
1093 3024 1142 3034 ...

130 3053 251 3121 pecunia
269 3053 404 3107 multatus
424 3058 473 3108 est.
512 3097 561 3107 ...
586 3054 666 3107 Hanc
691 3054 841 3122 pecuniam
864 3053 939 3122 quod
962 3053 1068 3106 solvere
1093 3095 1142 3106 ...

130 3140 187 3177 non
204 3126 324 3191 poterat,
343 3124 373 3176 in
386 3125 499 3179 vincula
516 3124 631 3192 publica
650 3125 792 3178 coniectus
812 3126 855 3178 est
872 3124 969 3192 ibique
983 3124 1059 3177 diem
1073 3123 1145 3177 obiit

131 3211 300 3262 supremum.

198 3324 212 3372 1
235 3317 437 3387 IamipsaooC
522 3325 536 3371 2
561 3320 677 3388 Myunte
698 3320 827 3374 Gcame'ta
846 3319 994 3387 MyndaO
1064 3318 1144 3372 deni·

131 3391 247 3458 qnaeG
329 3391 534 3445 coccultaeC
620 3390 809 3446 lamiciisO
893 3390 1074 3445 amiliaco

132 3483 165 3530 ιο
188 3478 367 3534 mustaceo
446 3484 477 3532 11
505 3466 769 3536 caeaaoses‘cua
852 3485 884 3532 17
904 3480 1074 3548 possesne

19 3567 22 3571 ¹
112 3546 255 3599 offensam
277 3551 354 3617 Ome,
377 3567 445 3607 corr.
461 3553 507 3624 Zp
