<?xml version="1.0" encoding="UTF-8"?>
<!DOCTYPE html PUBLIC "-//W3C//DTD XHTML 1.0 Transitional//EN"
    "http://www.w3.org/TR/xhtml1/DTD/xhtml1-transitional.dtd">
<html xmlns="http://www.w3.org/1999/xhtml" xml:lang="en" lang="en">
 <head>
  <title>
</title>
<meta http-equiv="Content-Type" content="text/html;charset=utf-8" />
  <meta name='ocr-system' content='tesseract 3.04.00' />
  <meta name='ocr-capabilities' content='ocr_page ocr_carea ocr_par ocr_line ocrx_word'/>
</head>
<body>
  <div class='ocr_page' id='page_1' title='image "./scholiaincicero00hildgoog_0064.png"; bbox 0 0 2460 3816; ppageno 0'>
   <div class='ocr_carea' id='block_1_1' title="bbox 522 125 1099 191">
    <p class='ocr_par' dir='ltr' id='par_1_1' title="bbox 522 125 1099 191">
     <span class='ocr_line' id='line_1_1' title="bbox 522 125 1099 191; baseline -0.002 -14"><span class='ocrx_word' id='word_1_1' title='bbox 522 129 538 191; x_wconf 66' lang='lat' dir='ltr'><strong>a</strong></span> <span class='ocrx_word' id='word_1_2' title='bbox 558 129 669 177; x_wconf 81' lang='lat'>11—17.</span> <span class='ocrx_word' id='word_1_3' title='bbox 1079 125 1099 188; x_wconf 88' lang='lat'>9</span> 
     </span>
    </p>
   </div>
   <div class='ocr_carea' id='block_1_2' title="bbox 53 291 1200 2943">
    <p class='ocr_par' dir='ltr' id='par_1_2' title="bbox 53 291 1200 2943">
     <span class='ocr_line' id='line_1_2' title="bbox 93 291 1103 370; baseline -0.002 -17"><span class='ocrx_word' id='word_1_4' title='bbox 93 292 286 370; x_wconf 88' lang='lat' dir='ltr'><strong>spectandum</strong></span> <span class='ocrx_word' id='word_1_5' title='bbox 308 293 369 350; x_wconf 89' lang='lat' dir='ltr'><strong>iam</strong></span> <span class='ocrx_word' id='word_1_6' title='bbox 392 311 451 351; x_wconf 91' lang='lat' dir='ltr'><strong>non</strong></span> <span class='ocrx_word' id='word_1_7' title='bbox 474 293 523 366; x_wconf 92' lang='lat' dir='ltr'><strong>sit,</strong></span> <span class='ocrx_word' id='word_1_8' title='bbox 545 295 580 350; x_wconf 89' lang='lat' dir='ltr'><strong>ut</strong></span> <span class='ocrx_word' id='word_1_9' title='bbox 597 291 711 368; x_wconf 90' lang='lat' dir='ltr'><strong>probet,</strong></span> <span class='ocrx_word' id='word_1_10' title='bbox 735 293 876 367; x_wconf 89' lang='lat' dir='ltr'><strong>quoniam</strong></span> <span class='ocrx_word' id='word_1_11' title='bbox 898 292 978 351; x_wconf 89' lang='lat' dir='ltr'><strong>credi</strong></span> <span class='ocrx_word' id='word_1_12' title='bbox 996 291 1103 351; x_wconf 90' lang='lat' dir='ltr'><strong>debeat</strong></span> 
     </span>
     <span class='ocr_line' id='line_1_3' title="bbox 91 381 415 459; baseline -0.009 -18"><span class='ocrx_word' id='word_1_13' title='bbox 91 385 137 441; x_wconf 89' lang='lat' dir='ltr'><strong>rei</strong></span> <span class='ocrx_word' id='word_1_14' title='bbox 159 403 186 459; x_wconf 90' lang='lat' dir='ltr'><strong>p.</strong></span> <span class='ocrx_word' id='word_1_15' title='bbox 207 381 415 441; x_wconf 83' lang='lat' dir='ltr'><strong>conservatori.</strong></span> 
     </span>
     <span class='ocr_line' id='line_1_4' title="bbox 160 468 1061 548; baseline -0.002 -17"><span class='ocrx_word' id='word_1_16' title='bbox 160 470 227 531; x_wconf 81' lang='lat' dir='ltr'><strong>Sed</strong></span> <span class='ocrx_word' id='word_1_17' title='bbox 250 489 313 548; x_wconf 89' lang='lat' dir='ltr'><strong>ego</strong></span> <span class='ocrx_word' id='word_1_18' title='bbox 337 469 490 529; x_wconf 90' lang='lat' dir='ltr'><strong>nondum</strong></span> <span class='ocrx_word' id='word_1_19' title='bbox 509 471 592 528; x_wconf 92' lang='lat' dir='ltr'><strong>utor</strong></span> <span class='ocrx_word' id='word_1_20' title='bbox 615 469 771 528; x_wconf 89' lang='lat' dir='ltr'><strong>adhunc</strong></span> <span class='ocrx_word' id='word_1_21' title='bbox 794 468 1061 530; x_wconf 86' lang='lat' dir='ltr'><strong>defendendum.</strong></span> 
     </span>
     <span class='ocr_line' id='line_1_5' title="bbox 159 558 1102 636; baseline -0.001 -18"><span class='ocrx_word' id='word_1_22' title='bbox 159 559 311 618; x_wconf 89' lang='lat' dir='ltr'><strong>Moderato</strong></span> <span class='ocrx_word' id='word_1_23' title='bbox 339 561 369 618; x_wconf 93' lang='lat' dir='ltr'><strong>et</strong></span> <span class='ocrx_word' id='word_1_24' title='bbox 396 559 529 618; x_wconf 89' lang='lat' dir='ltr'><strong>consulte</strong></span> <span class='ocrx_word' id='word_1_25' title='bbox 556 558 642 632; x_wconf 86' lang='lat' dir='ltr'><strong>facit,</strong></span> <span class='ocrx_word' id='word_1_26' title='bbox 666 577 724 634; x_wconf 90' lang='lat' dir='ltr'><strong>quo</strong></span> <span class='ocrx_word' id='word_1_27' title='bbox 752 559 849 636; x_wconf 85' lang='lat' dir='ltr'><strong>magis</strong></span> <span class='ocrx_word' id='word_1_28' title='bbox 875 560 1024 617; x_wconf 89' lang='lat' dir='ltr'><strong>mereatur</strong></span> <span class='ocrx_word' id='word_1_29' title='bbox 1052 558 1102 617; x_wconf 94' lang='lat' dir='ltr'><strong>ob-</strong></span> 
     </span>
     <span class='ocr_line' id='line_1_6' title="bbox 67 646 1062 724; baseline -0.001 -16"><span class='ocrx_word' id='word_1_30' title='bbox 67 651 188 708; x_wconf 73' lang='lat' dir='ltr'><strong>stinere</strong></span> <span class='ocrx_word' id='word_1_31' title='bbox 210 649 296 708; x_wconf 88' lang='lat' dir='ltr'><strong>testis</strong></span> <span class='ocrx_word' id='word_1_32' title='bbox 320 648 538 720; x_wconf 87' lang='lat' dir='ltr'><strong>auctoritatem,</strong></span> <span class='ocrx_word' id='word_1_33' title='bbox 561 665 652 723; x_wconf 91' lang='lat' dir='ltr'><strong>quam</strong></span> <span class='ocrx_word' id='word_1_34' title='bbox 675 646 733 706; x_wconf 86' lang='lat' dir='ltr'><strong>sibi</strong></span> <span class='ocrx_word' id='word_1_35' title='bbox 754 648 818 724; x_wconf 89' lang='lat' dir='ltr'><strong>ipse</strong></span> <span class='ocrx_word' id='word_1_36' title='bbox 840 665 900 706; x_wconf 93' lang='lat' dir='ltr'><strong>non</strong></span> <span class='ocrx_word' id='word_1_37' title='bbox 923 647 1062 707; x_wconf 80' lang='lat' dir='ltr'><strong>vindicet.</strong></span> 
     </span>
     <span class='ocr_line' id='line_1_7' title="bbox 160 734 1199 812; baseline -0.005 -18"><span class='ocrx_word' id='word_1_38' title='bbox 160 736 254 807; x_wconf 81' lang='lat' dir='ltr'><strong>Quae</strong></span> <span class='ocrx_word' id='word_1_39' title='bbox 287 738 378 795; x_wconf 86' lang='lat' dir='ltr'><strong>anim</strong></span> <span class='ocrx_word' id='word_1_40' title='bbox 410 737 482 795; x_wconf 84' lang='lat' dir='ltr'><strong>fuit</strong></span> <span class='ocrx_word' id='word_1_41' title='bbox 504 735 678 795; x_wconf 75' lang='lat' dir='ltr'><strong>Autronii</strong></span> <span class='ocrx_word' id='word_1_42' title='bbox 710 754 829 810; x_wconf 90' lang='lat' dir='ltr'><strong>causa,</strong></span> <span class='ocrx_word' id='word_1_43' title='bbox 862 755 950 812; x_wconf 85' lang='lat' dir='ltr'><strong>quaa</strong></span> <span class='ocrx_word' id='word_1_44' title='bbox 979 734 1102 812; x_wconf 84' lang='lat' dir='ltr'><strong>Syllae</strong></span> <span class='ocrx_word' id='word_1_45' title='bbox 1122 741 1137 803; x_wconf 64' lang='grc' dir='ltr'>ξ</span> <span class='ocrx_word' id='word_1_46' title='bbox 1158 741 1199 790; x_wconf 83' lang='lat'><strong>15.</strong></span> 
     </span>
     <span class='ocr_line' id='line_1_8' title="bbox 95 824 170 886; baseline -0.027 0"><span class='ocrx_word' id='word_1_47' title='bbox 95 824 170 886; x_wconf 83' lang='lat' dir='ltr'><strong>est?</strong></span> 
     </span>
     <span class='ocr_line' id='line_1_9' title="bbox 241 912 1103 990; baseline 0.002 -18.832"><span class='ocrx_word' id='word_1_48' title='bbox 241 913 513 973; x_wconf 77' lang='lat' dir='ltr'><strong>dissimilitudinem</strong></span> <span class='ocrx_word' id='word_1_49' title='bbox 541 913 680 989; x_wconf 90' lang='lat' dir='ltr'><strong>duorum,</strong></span> <span class='ocrx_word' id='word_1_50' title='bbox 711 913 742 974; x_wconf 94' lang='lat' dir='ltr'><strong>P.</strong></span> <span class='ocrx_word' id='word_1_51' title='bbox 768 913 869 990; x_wconf 80' lang='lat' dir='ltr'><strong>Syllae</strong></span> <span class='ocrx_word' id='word_1_52' title='bbox 896 916 926 973; x_wconf 89' lang='lat' dir='ltr'><strong>et</strong></span> <span class='ocrx_word' id='word_1_53' title='bbox 952 912 1103 988; x_wconf 76' lang='lat' dir='ltr'><strong>Autronii,</strong></span> 
     </span>
     <span class='ocr_line' id='line_1_10' title="bbox 95 1002 1105 1080; baseline 0 -19"><span class='ocrx_word' id='word_1_54' title='bbox 95 1005 175 1063; x_wconf 86' lang='lat' dir='ltr'><strong>faeta</strong></span> <span class='ocrx_word' id='word_1_55' title='bbox 199 1004 420 1078; x_wconf 89' lang='lat' dir='ltr'><strong>comparatione</strong></span> <span class='ocrx_word' id='word_1_56' title='bbox 438 1004 637 1078; x_wconf 83' lang='lat' dir='ltr'><strong>prosequitur,</strong></span> <span class='ocrx_word' id='word_1_57' title='bbox 659 1021 696 1061; x_wconf 92' lang='lat' dir='ltr'><strong>ne</strong></span> <span class='ocrx_word' id='word_1_58' title='bbox 714 1002 801 1061; x_wconf 90' lang='lat' dir='ltr'><strong>huius</strong></span> <span class='ocrx_word' id='word_1_59' title='bbox 819 1002 1044 1080; x_wconf 89' lang='lat' dir='ltr'><strong>praedamnatio</strong></span> <span class='ocrx_word' id='word_1_60' title='bbox 1064 1004 1105 1062; x_wconf 89' lang='lat' dir='ltr'><strong>sit</strong></span> 
     </span>
     <span class='ocr_line' id='line_1_11' title="bbox 53 1090 1103 1166; baseline -0.001 -15"><span class='ocrx_word' id='word_1_61' title='bbox 53 1112 80 1152; x_wconf 86' lang='lat' dir='ltr'><strong>ro</strong></span> <span class='ocrx_word' id='word_1_62' title='bbox 94 1094 149 1152; x_wconf 90' lang='lat' dir='ltr'><strong>illa</strong></span> <span class='ocrx_word' id='word_1_63' title='bbox 172 1093 332 1166; x_wconf 85' lang='lat' dir='ltr'><strong>sententia,</strong></span> <span class='ocrx_word' id='word_1_64' title='bbox 360 1110 436 1166; x_wconf 90' lang='lat' dir='ltr'><strong>quae</strong></span> <span class='ocrx_word' id='word_1_65' title='bbox 462 1093 495 1148; x_wconf 91' lang='lat' dir='ltr'><strong>in</strong></span> <span class='ocrx_word' id='word_1_66' title='bbox 517 1090 698 1151; x_wconf 88' lang='lat' dir='ltr'><strong>Autronium</strong></span> <span class='ocrx_word' id='word_1_67' title='bbox 725 1091 806 1151; x_wconf 89' lang='lat' dir='ltr'><strong>diota</strong></span> <span class='ocrx_word' id='word_1_68' title='bbox 833 1094 885 1152; x_wconf 90' lang='lat' dir='ltr'><strong>est.</strong></span> <span class='ocrx_word' id='word_1_69' title='bbox 930 1092 1103 1152; x_wconf 89' lang='lat' dir='ltr'><strong>Necessario</strong></span> 
     </span>
     <span class='ocr_line' id='line_1_12' title="bbox 94 1180 1103 1260; baseline 0 -20"><span class='ocrx_word' id='word_1_70' title='bbox 94 1184 187 1260; x_wconf 90' lang='lat' dir='ltr'><strong>igitur</strong></span> <span class='ocrx_word' id='word_1_71' title='bbox 205 1180 335 1240; x_wconf 85' lang='lat' dir='ltr'><strong>ostendit</strong></span> <span class='ocrx_word' id='word_1_72' title='bbox 355 1198 518 1255; x_wconf 76' lang='lat' dir='ltr'><strong>numquam</strong></span> <span class='ocrx_word' id='word_1_73' title='bbox 536 1181 647 1240; x_wconf 85' lang='lat' dir='ltr'><strong>similes</strong></span> <span class='ocrx_word' id='word_1_74' title='bbox 666 1181 765 1255; x_wconf 77' lang='lat' dir='ltr'><strong>fluisse,</strong></span> <span class='ocrx_word' id='word_1_75' title='bbox 788 1182 823 1239; x_wconf 87' lang='lat' dir='ltr'><strong>ut</strong></span> <span class='ocrx_word' id='word_1_76' title='bbox 840 1199 894 1258; x_wconf 88' lang='lat' dir='ltr'><strong>per</strong></span> <span class='ocrx_word' id='word_1_77' title='bbox 911 1180 967 1239; x_wconf 89' lang='lat' dir='ltr'><strong>hoo</strong></span> <span class='ocrx_word' id='word_1_78' title='bbox 985 1181 1103 1240; x_wconf 86' lang='lat' dir='ltr'><strong>facilius</strong></span> 
     </span>
     <span class='ocr_line' id='line_1_13' title="bbox 95 1269 627 1347; baseline 0 -19"><span class='ocrx_word' id='word_1_79' title='bbox 95 1271 210 1347; x_wconf 82' lang='lat' dir='ltr'><strong>Syllam</strong></span> <span class='ocrx_word' id='word_1_80' title='bbox 233 1269 411 1346; x_wconf 87' lang='lat' dir='ltr'><strong>persuadeat</strong></span> <span class='ocrx_word' id='word_1_81' title='bbox 432 1270 627 1328; x_wconf 80' lang='lat' dir='ltr'><strong>innocentem.</strong></span> 
     </span>
     <span class='ocr_line' id='line_1_14' title="bbox 161 1357 1200 1436; baseline -0.007 -20"><span class='ocrx_word' id='word_1_82' title='bbox 161 1359 267 1418; x_wconf 93' lang='lat' dir='ltr'><strong>Illum</strong></span> <span class='ocrx_word' id='word_1_83' title='bbox 286 1357 514 1436; x_wconf 85' lang='lat' dir='ltr'><strong>Allobroges,</strong></span> <span class='ocrx_word' id='word_1_84' title='bbox 537 1359 769 1417; x_wconf 87' lang='lat' dir='ltr'><strong>maximarum</strong></span> <span class='ocrx_word' id='word_1_85' title='bbox 786 1377 903 1417; x_wconf 89' lang='lat' dir='ltr'><strong>rerum</strong></span> <span class='ocrx_word' id='word_1_86' title='bbox 920 1359 1104 1418; x_wconf 86' lang='lat' dir='ltr'><strong>verissimi</strong></span> <span class='ocrx_word' id='word_1_87' title='bbox 1122 1362 1138 1424; x_wconf 61' lang='grc' dir='ltr'><strong>ἓ</strong></span> <span class='ocrx_word' id='word_1_88' title='bbox 1158 1361 1200 1410; x_wconf 78' lang='grc'><strong>17.</strong></span> 
     </span>
     <span class='ocr_line' id='line_1_15' title="bbox 94 1448 240 1507; baseline -0.014 -1"><span class='ocrx_word' id='word_1_89' title='bbox 94 1448 240 1507; x_wconf 90' lang='lat' dir='ltr'><strong>indices.</strong></span> 
     </span>
     <span class='ocr_line' id='line_1_16' title="bbox 54 1534 1104 1613; baseline -0.001 -18"><span class='ocrx_word' id='word_1_90' title='bbox 54 1553 80 1596; x_wconf 78' lang='grc' dir='ltr'><strong>ιο</strong></span> <span class='ocrx_word' id='word_1_91' title='bbox 163 1535 302 1595; x_wconf 90' lang='lat' dir='ltr'><strong>Oratoria</strong></span> <span class='ocrx_word' id='word_1_92' title='bbox 320 1535 488 1611; x_wconf 80' lang='lat' dir='ltr'><strong>suptilitate</strong></span> <span class='ocrx_word' id='word_1_93' title='bbox 503 1535 614 1595; x_wconf 84' lang='lat' dir='ltr'><strong>adserit</strong></span> <span class='ocrx_word' id='word_1_94' title='bbox 631 1535 681 1593; x_wconf 90' lang='lat' dir='ltr'><strong>hic</strong></span> <span class='ocrx_word' id='word_1_95' title='bbox 695 1537 725 1594; x_wconf 88' lang='lat' dir='ltr'><strong>et</strong></span> <span class='ocrx_word' id='word_1_96' title='bbox 738 1534 895 1595; x_wconf 86' lang='lat' dir='ltr'><strong>confitetur</strong></span> <span class='ocrx_word' id='word_1_97' title='bbox 908 1534 1104 1613; x_wconf 80' lang='lat' dir='ltr'><strong>Allobrogum</strong></span> 
     </span>
     <span class='ocr_line' id='line_1_17' title="bbox 94 1618 1104 1700; baseline -0.001 -17"><span class='ocrx_word' id='word_1_98' title='bbox 94 1625 196 1699; x_wconf 89' lang='lat' dir='ltr'><strong>fidem,</strong></span> <span class='ocrx_word' id='word_1_99' title='bbox 229 1644 301 1699; x_wconf 91' lang='lat' dir='ltr'><strong>quos</strong></span> <span class='ocrx_word' id='word_1_100' title='bbox 329 1619 507 1684; x_wconf 86' lang='lat' dir='ltr'><strong>‘verissimos</strong></span> <span class='ocrx_word' id='word_1_101' title='bbox 539 1618 660 1684; x_wconf 85' lang='lat' dir='ltr'><strong>indicas&gt;</strong></span> <span class='ocrx_word' id='word_1_102' title='bbox 684 1623 770 1698; x_wconf 73' lang='lat' dir='ltr'><strong>dicit,</strong></span> <span class='ocrx_word' id='word_1_103' title='bbox 803 1642 820 1681; x_wconf 89' lang='lat' dir='ltr'><strong>a</strong></span> <span class='ocrx_word' id='word_1_104' title='bbox 852 1623 958 1698; x_wconf 88' lang='lat' dir='ltr'><strong>quibus</strong></span> <span class='ocrx_word' id='word_1_105' title='bbox 990 1624 1104 1700; x_wconf 84' lang='lat' dir='ltr'><strong>Syllam</strong></span> 
     </span>
     <span class='ocr_line' id='line_1_18' title="bbox 95 1712 630 1773; baseline 0.002 -1"><span class='ocrx_word' id='word_1_106' title='bbox 95 1716 282 1773; x_wconf 88' lang='lat' dir='ltr'><strong>nominatum</strong></span> <span class='ocrx_word' id='word_1_107' title='bbox 304 1732 364 1772; x_wconf 91' lang='lat' dir='ltr'><strong>non</strong></span> <span class='ocrx_word' id='word_1_108' title='bbox 387 1731 449 1773; x_wconf 85' lang='lat' dir='ltr'><strong>essa</strong></span> <span class='ocrx_word' id='word_1_109' title='bbox 468 1712 630 1773; x_wconf 82' lang='lat' dir='ltr'><strong>constabat.</strong></span> 
     </span>
     <span class='ocr_line' id='line_1_19' title="bbox 161 1802 1105 1878; baseline -0.002 -18"><span class='ocrx_word' id='word_1_110' title='bbox 161 1803 228 1861; x_wconf 90' lang='lat' dir='ltr'><strong>Hic</strong></span> <span class='ocrx_word' id='word_1_111' title='bbox 260 1804 385 1861; x_wconf 89' lang='lat' dir='ltr'><strong>contra</strong></span> <span class='ocrx_word' id='word_1_112' title='bbox 416 1804 470 1861; x_wconf 90' lang='lat' dir='ltr'><strong>ita</strong></span> <span class='ocrx_word' id='word_1_113' title='bbox 501 1802 655 1877; x_wconf 86' lang='lat' dir='ltr'><strong>quievit,</strong></span> <span class='ocrx_word' id='word_1_114' title='bbox 687 1803 727 1860; x_wconf 90' lang='lat' dir='ltr'><strong>ut</strong></span> <span class='ocrx_word' id='word_1_115' title='bbox 754 1818 792 1859; x_wconf 91' lang='lat' dir='ltr'><strong>eo</strong></span> <span class='ocrx_word' id='word_1_116' title='bbox 822 1802 982 1878; x_wconf 91' lang='lat' dir='ltr'><strong>tempore</strong></span> <span class='ocrx_word' id='word_1_117' title='bbox 1010 1803 1105 1860; x_wconf 91' lang='lat' dir='ltr'><strong>omni</strong></span> 
     </span>
     <span class='ocr_line' id='line_1_20' title="bbox 96 1892 392 1967; baseline -0.01 -16"><span class='ocrx_word' id='word_1_118' title='bbox 96 1892 250 1967; x_wconf 86' lang='lat' dir='ltr'><strong>Neapoli</strong></span> <span class='ocrx_word' id='word_1_119' title='bbox 273 1892 392 1949; x_wconf 89' lang='lat' dir='ltr'><strong>fuerit.</strong></span> 
     </span>
     <span class='ocr_line' id='line_1_21' title="bbox 56 1976 1105 2054; baseline -0.001 -16"><span class='ocrx_word' id='word_1_120' title='bbox 56 1999 83 2039; x_wconf 80' lang='lat' dir='ltr'><strong>ro</strong></span> <span class='ocrx_word' id='word_1_121' title='bbox 163 1978 311 2049; x_wconf 81' lang='lat' dir='ltr'><strong>Quoniam</strong></span> <span class='ocrx_word' id='word_1_122' title='bbox 335 1979 431 2037; x_wconf 89' lang='lat' dir='ltr'><strong>videri</strong></span> <span class='ocrx_word' id='word_1_123' title='bbox 453 1981 572 2054; x_wconf 89' lang='lat' dir='ltr'><strong>poterat</strong></span> <span class='ocrx_word' id='word_1_124' title='bbox 589 1978 621 2037; x_wconf 93' lang='lat' dir='ltr'><strong>P.</strong></span> <span class='ocrx_word' id='word_1_125' title='bbox 642 1976 727 2054; x_wconf 81' lang='lat' dir='ltr'><strong>Sylla</strong></span> <span class='ocrx_word' id='word_1_126' title='bbox 744 1978 902 2038; x_wconf 85' lang='lat' dir='ltr'><strong>damnatus</strong></span> <span class='ocrx_word' id='word_1_127' title='bbox 925 1980 1105 2038; x_wconf 85' lang='lat' dir='ltr'><strong>conscicntia</strong></span> 
     </span>
     <span class='ocr_line' id='line_1_22' title="bbox 97 2066 1106 2129; baseline -0.001 -2"><span class='ocrx_word' id='word_1_128' title='bbox 97 2068 206 2129; x_wconf 89' lang='lat' dir='ltr'><strong>detecti</strong></span> <span class='ocrx_word' id='word_1_129' title='bbox 242 2069 374 2128; x_wconf 86' lang='lat' dir='ltr'><strong>oriminis</strong></span> <span class='ocrx_word' id='word_1_130' title='bbox 416 2069 463 2127; x_wconf 91' lang='lat' dir='ltr'><strong>sui</strong></span> <span class='ocrx_word' id='word_1_131' title='bbox 504 2066 540 2126; x_wconf 93' lang='lat' dir='ltr'><strong>ab</strong></span> <span class='ocrx_word' id='word_1_132' title='bbox 577 2067 670 2126; x_wconf 88' lang='lat' dir='ltr'><strong>oeulis</strong></span> <span class='ocrx_word' id='word_1_133' title='bbox 707 2069 839 2126; x_wconf 91' lang='lat' dir='ltr'><strong>omnium</strong></span> <span class='ocrx_word' id='word_1_134' title='bbox 881 2069 1032 2127; x_wconf 89' lang='lat' dir='ltr'><strong>secessisse</strong></span> <span class='ocrx_word' id='word_1_135' title='bbox 1075 2070 1106 2126; x_wconf 93' lang='lat' dir='ltr'><strong>et</strong></span> 
     </span>
     <span class='ocr_line' id='line_1_23' title="bbox 96 2155 1105 2232; baseline 0 -17"><span class='ocrx_word' id='word_1_136' title='bbox 96 2158 199 2217; x_wconf 87' lang='lat' dir='ltr'><strong>urbem</strong></span> <span class='ocrx_word' id='word_1_137' title='bbox 225 2158 350 2217; x_wconf 89' lang='lat' dir='ltr'><strong>Romam</strong></span> <span class='ocrx_word' id='word_1_138' title='bbox 382 2157 550 2232; x_wconf 87' lang='lat' dir='ltr'><strong>reliquisse,</strong></span> <span class='ocrx_word' id='word_1_139' title='bbox 581 2157 676 2215; x_wconf 90' lang='lat' dir='ltr'><strong>trahit</strong></span> <span class='ocrx_word' id='word_1_140' title='bbox 708 2158 810 2215; x_wconf 93' lang='lat' dir='ltr'><strong>orator</strong></span> <span class='ocrx_word' id='word_1_141' title='bbox 841 2156 878 2215; x_wconf 89' lang='lat' dir='ltr'><strong>ad</strong></span> <span class='ocrx_word' id='word_1_142' title='bbox 911 2155 1105 2216; x_wconf 85' lang='lat' dir='ltr'><strong>verecundiae</strong></span> 
     </span>
     <span class='ocr_line' id='line_1_24' title="bbox 97 2244 1105 2324; baseline -0.002 -20"><span class='ocrx_word' id='word_1_143' title='bbox 97 2249 304 2324; x_wconf 84' lang='lat' dir='ltr'><strong>argumentum</strong></span> <span class='ocrx_word' id='word_1_144' title='bbox 344 2245 443 2305; x_wconf 88' lang='lat' dir='ltr'><strong>dicens</strong></span> <span class='ocrx_word' id='word_1_145' title='bbox 481 2247 638 2321; x_wconf 89' lang='lat' dir='ltr'><strong>eapropter</strong></span> <span class='ocrx_word' id='word_1_146' title='bbox 673 2244 727 2304; x_wconf 94' lang='lat' dir='ltr'><strong>sub</strong></span> <span class='ocrx_word' id='word_1_147' title='bbox 768 2246 861 2304; x_wconf 87' lang='lat' dir='ltr'><strong>oeulis</strong></span> <span class='ocrx_word' id='word_1_148' title='bbox 897 2263 959 2305; x_wconf 91' lang='lat' dir='ltr'><strong>esse</strong></span> <span class='ocrx_word' id='word_1_149' title='bbox 996 2246 1105 2304; x_wconf 84' lang='lat' dir='ltr'><strong>civium</strong></span> 
     </span>
     <span class='ocr_line' id='line_1_25' title="bbox 96 2331 1105 2411; baseline -0.001 -18"><span class='ocrx_word' id='word_1_150' title='bbox 96 2337 234 2409; x_wconf 89' lang='lat' dir='ltr'><strong>noluisse,</strong></span> <span class='ocrx_word' id='word_1_151' title='bbox 257 2335 336 2411; x_wconf 90' lang='lat' dir='ltr'><strong>quod</strong></span> <span class='ocrx_word' id='word_1_152' title='bbox 357 2334 541 2395; x_wconf 77' lang='lat' dir='ltr'><strong>erubesceret</strong></span> <span class='ocrx_word' id='word_1_153' title='bbox 562 2335 594 2393; x_wconf 95' lang='lat' dir='ltr'><strong>in</strong></span> <span class='ocrx_word' id='word_1_154' title='bbox 612 2331 737 2409; x_wconf 78' lang='lat' dir='ltr'><strong>*aliquo</strong></span> <span class='ocrx_word' id='word_1_155' title='bbox 760 2335 841 2393; x_wconf 79' lang='lat' dir='ltr'><strong>vitae</strong></span> <span class='ocrx_word' id='word_1_156' title='bbox 867 2353 937 2394; x_wconf 92' lang='lat' dir='ltr'><strong>suae</strong></span> <span class='ocrx_word' id='word_1_157' title='bbox 964 2334 1105 2393; x_wconf 90' lang='lat' dir='ltr'><strong>honorem</strong></span> 
     </span>
     <span class='ocr_line' id='line_1_26' title="bbox 56 2422 1105 2502; baseline 0.002 -22"><span class='ocrx_word' id='word_1_158' title='bbox 56 2439 82 2480; x_wconf 81' lang='lat' dir='ltr'><strong>rs</strong></span> <span class='ocrx_word' id='word_1_159' title='bbox 97 2424 273 2484; x_wconf 87' lang='lat' dir='ltr'><strong>defloratum</strong></span> <span class='ocrx_word' id='word_1_160' title='bbox 304 2423 540 2502; x_wconf 83' lang='lat' dir='ltr'><strong>dignitatemque</strong></span> <span class='ocrx_word' id='word_1_161' title='bbox 566 2424 744 2483; x_wconf 87' lang='lat' dir='ltr'><strong>mutilatam.</strong></span> <span class='ocrx_word' id='word_1_162' title='bbox 795 2422 857 2482; x_wconf 87' lang='lat' dir='ltr'><strong>Nec</strong></span> <span class='ocrx_word' id='word_1_163' title='bbox 887 2424 1015 2483; x_wconf 87' lang='lat' dir='ltr'><strong>moverit</strong></span> <span class='ocrx_word' id='word_1_164' title='bbox 1043 2441 1105 2497; x_wconf 92' lang='lat' dir='ltr'><strong>nos,</strong></span> 
     </span>
     <span class='ocr_line' id='line_1_27' title="bbox 98 2511 1106 2588; baseline 0 -18"><span class='ocrx_word' id='word_1_165' title='bbox 98 2513 177 2586; x_wconf 91' lang='lat' dir='ltr'><strong>quod</strong></span> <span class='ocrx_word' id='word_1_166' title='bbox 194 2515 239 2572; x_wconf 90' lang='lat' dir='ltr'><strong>ita</strong></span> <span class='ocrx_word' id='word_1_167' title='bbox 256 2514 398 2587; x_wconf 90' lang='lat' dir='ltr'><strong>loquatur</strong></span> <span class='ocrx_word' id='word_1_168' title='bbox 416 2513 451 2572; x_wconf 89' lang='lat' dir='ltr'><strong>de</strong></span> <span class='ocrx_word' id='word_1_169' title='bbox 471 2512 555 2588; x_wconf 81' lang='lat' dir='ltr'><strong>Sylla</strong></span> <span class='ocrx_word' id='word_1_170' title='bbox 574 2511 684 2586; x_wconf 77' lang='lat' dir='ltr'><strong>Cicero,</strong></span> <span class='ocrx_word' id='word_1_171' title='bbox 703 2513 789 2588; x_wconf 88' lang='lat' dir='ltr'><strong>quasi</strong></span> <span class='ocrx_word' id='word_1_172' title='bbox 807 2512 965 2573; x_wconf 89' lang='lat' dir='ltr'><strong>damnatus</strong></span> <span class='ocrx_word' id='word_1_173' title='bbox 983 2513 1106 2572; x_wconf 89' lang='lat' dir='ltr'><strong>crimine</strong></span> 
     </span>
     <span class='ocr_line' id='line_1_28' title="bbox 99 2600 1107 2661; baseline -0.002 -1"><span class='ocrx_word' id='word_1_174' title='bbox 99 2601 226 2661; x_wconf 87' lang='lat' dir='ltr'><strong>ambitus</strong></span> <span class='ocrx_word' id='word_1_175' title='bbox 258 2601 396 2660; x_wconf 89' lang='lat' dir='ltr'><strong>habuerit</strong></span> <span class='ocrx_word' id='word_1_176' title='bbox 426 2602 538 2660; x_wconf 88' lang='lat' dir='ltr'><strong>Romae</strong></span> <span class='ocrx_word' id='word_1_177' title='bbox 575 2600 748 2660; x_wconf 89' lang='lat' dir='ltr'><strong>demorandi</strong></span> <span class='ocrx_word' id='word_1_178' title='bbox 781 2601 980 2660; x_wconf 69' lang='lat' dir='ltr'><strong>facultatema</strong></span> <span class='ocrx_word' id='word_1_179' title='bbox 1000 2600 1107 2659; x_wconf 89' lang='lat' dir='ltr'><strong>habuit</strong></span> 
     </span>
     <span class='ocr_line' id='line_1_29' title="bbox 98 2687 1106 2768; baseline 0 -21"><span class='ocrx_word' id='word_1_180' title='bbox 98 2691 177 2747; x_wconf 90' lang='lat' dir='ltr'><strong>enim</strong></span> <span class='ocrx_word' id='word_1_181' title='bbox 213 2689 373 2749; x_wconf 90' lang='lat' dir='ltr'><strong>secundum</strong></span> <span class='ocrx_word' id='word_1_182' title='bbox 408 2690 504 2768; x_wconf 89' lang='lat' dir='ltr'><strong>legem</strong></span> <span class='ocrx_word' id='word_1_183' title='bbox 541 2688 741 2765; x_wconf 72' lang='lat' dir='ltr'><strong>Calpurniam.</strong></span> <span class='ocrx_word' id='word_1_184' title='bbox 795 2689 874 2748; x_wconf 88' lang='lat' dir='ltr'><strong>Nam</strong></span> <span class='ocrx_word' id='word_1_185' title='bbox 906 2687 1106 2766; x_wconf 91' lang='lat' dir='ltr'><strong>superioribus</strong></span> 
     </span>
     <span class='ocr_line' id='line_1_30' title="bbox 98 2771 1107 2854; baseline -0.002 -19"><span class='ocrx_word' id='word_1_186' title='bbox 98 2771 322 2854; x_wconf 82' lang='lat' dir='ltr'><strong>&lt;temporibus&gt;</strong></span> <span class='ocrx_word' id='word_1_187' title='bbox 352 2777 487 2836; x_wconf 88' lang='lat' dir='ltr'><strong>damnati</strong></span> <span class='ocrx_word' id='word_1_188' title='bbox 518 2778 583 2854; x_wconf 89' lang='lat' dir='ltr'><strong>lege</strong></span> <span class='ocrx_word' id='word_1_189' title='bbox 615 2775 752 2836; x_wconf 71' lang='lat' dir='ltr'><strong>Cornelia</strong></span> <span class='ocrx_word' id='word_1_190' title='bbox 784 2778 839 2835; x_wconf 89' lang='lat' dir='ltr'><strong>hoc</strong></span> <span class='ocrx_word' id='word_1_191' title='bbox 871 2795 962 2854; x_wconf 87' lang='lat' dir='ltr'><strong>genus</strong></span> <span class='ocrx_word' id='word_1_192' title='bbox 993 2794 1107 2850; x_wconf 91' lang='lat' dir='ltr'><strong>poenae</strong></span> 
     </span>
     <span class='ocr_line' id='line_1_31' title="bbox 58 2864 1106 2943; baseline 0.001 -20"><span class='ocrx_word' id='word_1_193' title='bbox 58 2882 84 2923; x_wconf 86' lang='lat' dir='ltr'><strong>so</strong></span> <span class='ocrx_word' id='word_1_194' title='bbox 98 2865 246 2938; x_wconf 87' lang='lat' dir='ltr'><strong>ferebant,</strong></span> <span class='ocrx_word' id='word_1_195' title='bbox 282 2866 317 2922; x_wconf 92' lang='lat' dir='ltr'><strong>ut</strong></span> <span class='ocrx_word' id='word_1_196' title='bbox 351 2865 582 2942; x_wconf 81' lang='lat' dir='ltr'><strong>magistratuum</strong></span> <span class='ocrx_word' id='word_1_197' title='bbox 617 2866 762 2943; x_wconf 89' lang='lat' dir='ltr'><strong>petitione</strong></span> <span class='ocrx_word' id='word_1_198' title='bbox 792 2883 846 2939; x_wconf 93' lang='lat' dir='ltr'><strong>per</strong></span> <span class='ocrx_word' id='word_1_199' title='bbox 878 2864 977 2923; x_wconf 88' lang='lat' dir='ltr'><strong>decem</strong></span> <span class='ocrx_word' id='word_1_200' title='bbox 1014 2882 1106 2924; x_wconf 89' lang='lat' dir='ltr'><strong>annos</strong></span> 
     </span>
    </p>
   </div>
   <div class='ocr_carea' id='block_1_3' title="bbox 166 3050 783 3121">
    <p class='ocr_par' dir='ltr' id='par_1_3' title="bbox 166 3050 783 3121">
     <span class='ocr_line' id='line_1_32' title="bbox 166 3050 783 3121; baseline -0.003 -15"><span class='ocrx_word' id='word_1_201' title='bbox 166 3058 198 3106; x_wconf 79' lang='lat'><strong>26</strong></span> <span class='ocrx_word' id='word_1_202' title='bbox 218 3050 283 3121; x_wconf 87' lang='lat' dir='ltr'><strong>(vid.</strong></span> <span class='ocrx_word' id='word_1_203' title='bbox 299 3055 341 3117; x_wconf 84' lang='lat'><strong>10,</strong></span> <span class='ocrx_word' id='word_1_204' title='bbox 360 3051 387 3120; x_wconf 83' lang='lat'><strong>4)</strong></span> <span class='ocrx_word' id='word_1_205' title='bbox 405 3050 440 3117; x_wconf 80' lang='lat' dir='ltr'><strong>ef.</strong></span> <span class='ocrx_word' id='word_1_206' title='bbox 459 3050 558 3104; x_wconf 83' lang='lat' dir='ltr'><strong>Aecon.</strong></span> <span class='ocrx_word' id='word_1_207' title='bbox 579 3054 621 3118; x_wconf 82' lang='lat'><strong>66,</strong></span> <span class='ocrx_word' id='word_1_208' title='bbox 636 3055 677 3103; x_wconf 76' lang='lat'><strong>21.</strong></span> <span class='ocrx_word' id='word_1_209' title='bbox 703 3054 744 3118; x_wconf 78' lang='lat'><strong>79,</strong></span> <span class='ocrx_word' id='word_1_210' title='bbox 760 3055 783 3104; x_wconf 89' lang='grc'><strong>9.</strong></span> 
     </span>
    </p>
   </div>
   <div class='ocr_carea' id='block_1_4' title="bbox 99 3210 1167 3574">
    <p class='ocr_par' dir='ltr' id='par_1_4' title="bbox 99 3210 1167 3574">
     <span class='ocr_line' id='line_1_33' title="bbox 166 3210 1043 3267; baseline -0.003 0"><span class='ocrx_word' id='word_1_211' title='bbox 166 3219 181 3266; x_wconf 89' lang='lat'>3</span> <span class='ocrx_word' id='word_1_212' title='bbox 203 3215 268 3267; x_wconf 91' lang='lat' dir='ltr'><strong>utor</strong></span> <span class='ocrx_word' id='word_1_213' title='bbox 285 3211 338 3265; x_wconf 87' lang='lat' dir='ltr'><strong>hac</strong></span> <span class='ocrx_word' id='word_1_214' title='bbox 357 3227 423 3265; x_wconf 89' lang='lat' dir='ltr'><strong>voce</strong></span> <span class='ocrx_word' id='word_1_215' title='bbox 441 3211 517 3266; x_wconf 82' lang='lat' dir='ltr'><strong>codd.</strong></span> <span class='ocrx_word' id='word_1_216' title='bbox 538 3212 591 3267; x_wconf 73' lang='lat' dir='ltr'><strong>otc.</strong></span> <span class='ocrx_word' id='word_1_217' title='bbox 662 3216 678 3265; x_wconf 87' lang='lat'><strong>6</strong></span> <span class='ocrx_word' id='word_1_218' title='bbox 701 3211 821 3266; x_wconf 87' lang='lat' dir='ltr'><strong>Autroni</strong></span> <span class='ocrx_word' id='word_1_219' title='bbox 833 3210 889 3264; x_wconf 86' lang='lat' dir='ltr'><strong>fuit</strong></span> <span class='ocrx_word' id='word_1_220' title='bbox 902 3211 977 3266; x_wconf 82' lang='lat' dir='ltr'><strong>codd.</strong></span> <span class='ocrx_word' id='word_1_221' title='bbox 989 3211 1043 3266; x_wconf 80' lang='lat' dir='ltr'><strong>Cic.</strong></span> 
     </span>
     <span class='ocr_line' id='line_1_34' title="bbox 100 3283 1107 3353; baseline -0.001 -16"><span class='ocrx_word' id='word_1_222' title='bbox 100 3290 113 3337; x_wconf 78' lang='lat' dir='ltr'><strong>‘l</strong></span> <span class='ocrx_word' id='word_1_223' title='bbox 130 3286 179 3340; x_wconf 87' lang='lat' dir='ltr'><strong>loc.</strong></span> <span class='ocrx_word' id='word_1_224' title='bbox 193 3289 213 3340; x_wconf 82' lang='lat'><em>2</em></span> <span class='ocrx_word' id='word_1_225' title='bbox 227 3286 274 3339; x_wconf 78' lang='lat' dir='ltr'><strong>lio.</strong></span> <span class='ocrx_word' id='word_1_226' title='bbox 290 3285 323 3353; x_wconf 85' lang='grc' dir='ltr'><strong>-Ι-</strong></span> <span class='ocrx_word' id='word_1_227' title='bbox 338 3287 357 3338; x_wconf 84' lang='lat'><em>2</em></span> <span class='ocrx_word' id='word_1_228' title='bbox 370 3299 418 3338; x_wconf 86' lang='lat' dir='ltr'><strong>cm.</strong></span> <span class='ocrx_word' id='word_1_229' title='bbox 430 3309 463 3327; x_wconf 93' lang='lat'>=</span> <span class='ocrx_word' id='word_1_230' title='bbox 478 3287 513 3338; x_wconf 83' lang='lat'><strong>36</strong></span> <span class='ocrx_word' id='word_1_231' title='bbox 527 3285 577 3338; x_wconf 81' lang='lat' dir='ltr'><strong>litt.</strong></span> <span class='ocrx_word' id='word_1_232' title='bbox 593 3284 736 3350; x_wconf 81' lang='grc' dir='ltr'>ἐνθύμημα</span> <span class='ocrx_word' id='word_1_233' title='bbox 751 3285 806 3339; x_wconf 85' lang='grc' dir='ltr'><strong>ἀπὸ</strong></span> <span class='ocrx_word' id='word_1_234' title='bbox 819 3289 870 3338; x_wconf 82' lang='grc' dir='ltr'><strong>τοῦ</strong></span> <span class='ocrx_word' id='word_1_235' title='bbox 886 3283 1018 3348; x_wconf 81' lang='grc' dir='ltr'>ἀνομοίου</span> <span class='ocrx_word' id='word_1_236' title='bbox 1035 3285 1107 3336; x_wconf 87' lang='grc' dir='ltr'><strong><em>κατὰ</em></strong></span> 
     </span>
     <span class='ocr_line' id='line_1_35' title="bbox 100 3354 1120 3424; baseline -0.002 -14"><span class='ocrx_word' id='word_1_237' title='bbox 100 3358 250 3423; x_wconf 64' lang='grc' dir='ltr'>(ύγκριεινῖ</span> <span class='ocrx_word' id='word_1_238' title='bbox 329 3359 362 3408; x_wconf 92' lang='grc'><strong>10</strong></span> <span class='ocrx_word' id='word_1_239' title='bbox 382 3361 516 3423; x_wconf 75' lang='lat' dir='ltr'><strong>porcetum</strong></span> <span class='ocrx_word' id='word_1_240' title='bbox 534 3360 597 3423; x_wconf 80' lang='lat' dir='ltr'><strong>post</strong></span> <span class='ocrx_word' id='word_1_241' title='bbox 617 3354 773 3409; x_wconf 86' lang='lat' dir='ltr'><strong>necessario</strong></span> <span class='ocrx_word' id='word_1_242' title='bbox 788 3357 870 3422; x_wconf 75' lang='lat' dir='ltr'><strong>pocot</strong></span> <span class='ocrx_word' id='word_1_243' title='bbox 886 3371 914 3408; x_wconf 78' lang='lat' dir='ltr'><strong>ua</strong></span> <span class='ocrx_word' id='word_1_244' title='bbox 985 3357 1024 3402; x_wconf 56' lang='lat' dir='ltr'><strong>‘tt</strong></span> <span class='ocrx_word' id='word_1_245' title='bbox 1048 3367 1120 3424; x_wconf 55' lang='lat' dir='ltr'><strong>iffi?</strong></span> 
     </span>
     <span class='ocr_line' id='line_1_36' title="bbox 100 3416 1167 3513; baseline -0.007 -33"><span class='ocrx_word' id='word_1_246' title='bbox 100 3426 280 3481; x_wconf 83' lang='lat' dir='ltr'><strong>scientiamO</strong></span> <span class='ocrx_word' id='word_1_247' title='bbox 301 3429 303 3433; x_wconf 83' lang='lat'>&#39;</span> <span class='ocrx_word' id='word_1_248' title='bbox 345 3424 538 3479; x_wconf 77' lang='lat' dir='ltr'><strong>21hominum</strong></span> <span class='ocrx_word' id='word_1_249' title='bbox 551 3425 589 3482; x_wconf 79' lang='lat' dir='ltr'><strong>Or</strong></span> <span class='ocrx_word' id='word_1_250' title='bbox 656 3431 694 3480; x_wconf 73' lang='lat'><strong>‘24</strong></span> <span class='ocrx_word' id='word_1_251' title='bbox 710 3425 834 3494; x_wconf 65' lang='lat' dir='ltr'><strong>lastigie</strong></span> <span class='ocrx_word' id='word_1_252' title='bbox 848 3426 910 3478; x_wconf 81' lang='lat' dir='ltr'><strong>Leo</strong></span> <span class='ocrx_word' id='word_1_253' title='bbox 980 3423 1026 3497; x_wconf 53' lang='lat' dir='ltr'><strong>§Ab</strong></span> <span class='ocrx_word' id='word_1_254' title='bbox 1039 3416 1167 3513; x_wconf 38' lang='lat' dir='ltr'><strong>bewe)</strong></span> 
     </span>
     <span class='ocr_line' id='line_1_37' title="bbox 99 3480 1136 3574; baseline 0.003 -24"><span class='ocrx_word' id='word_1_255' title='bbox 99 3498 248 3566; x_wconf 80' lang='lat' dir='ltr'><strong>tutequeO</strong></span> <span class='ocrx_word' id='word_1_256' title='bbox 270 3496 461 3554; x_wconf 78' lang='lat' dir='ltr'><strong>mutilitamO</strong></span> <span class='ocrx_word' id='word_1_257' title='bbox 496 3503 529 3554; x_wconf 75' lang='lat'><strong>29</strong></span> <span class='ocrx_word' id='word_1_258' title='bbox 542 3497 824 3574; x_wconf 64' lang='lat' dir='ltr'><strong>&lt;temporibus&gt;ruo</strong></span> <span class='ocrx_word' id='word_1_259' title='bbox 862 3480 1136 3553; x_wconf 49' lang='lat' dir='ltr'><strong>‘tbmuffiffim</strong></span> 
     </span>
    </p>
   </div>
   <div class='ocr_carea' id='block_1_5' title="bbox 0 0 1240 3816">
    <p class='ocr_par' dir='ltr' id='par_1_5' title="bbox 0 0 1240 3816">
     <span class='ocr_line' id='line_1_38' title="bbox 0 0 1240 3816; baseline 0 0"><span class='ocrx_word' id='word_1_260' title='bbox 0 0 1240 3816; x_wconf 95' lang='lat' dir='ltr'><strong> </strong></span> 
     </span>
    </p>
   </div>
  </div>
 </body>
</html>
