2460 3816
128 139 170 204 12
496 138 568 194 PRO
591 138 620 193 P.
641 138 755 192 SYLLA

126 307 306 368 defendisses
328 306 361 366 P.
382 307 509 384 Syllam,
536 326 622 366 nemo
646 302 834 367 defenderet.>
880 307 935 368 Cui
958 310 1061 368 statim

126 398 277 456 informa
300 398 469 457 concessiva
496 398 632 457 occurrit.
678 390 755 472 ‘Ut',
783 398 895 473 inquit,
918 393 1007 456 ‘alios
1035 414 1136 456 conce-

127 486 196 545 dam
232 487 433 561 patrocinium
469 485 664 564 derogaturos
700 486 804 560 fuisse,
840 487 872 544 in
910 504 997 561 quem
1028 487 1135 545 iustius

126 574 310 634 derivabitur
338 575 430 634 animi
456 574 566 652 regalis
593 574 754 650 cupiditas:
786 576 818 632 in
845 593 905 649 mc,
934 576 986 649 qui
1011 577 1135 653 protego

126 665 309 738 innocentes,
342 682 380 722 an
411 665 443 721 in
475 664 518 737 te,
551 664 602 738 qui
632 662 863 722 subveniendum
889 682 949 722 non
976 664 1064 738 putas
1091 665 1136 721 in·
1164 683 1177 724 o

126 745 334 811 nocentibus?
383 751 451 810 Non
484 754 603 811 tantum
634 771 703 829 ergo
736 771 767 812 se
798 751 950 826 liberavit,
982 752 1033 811 sed
1064 752 1136 811 Tor-

130 844 254 917 quatum
276 841 371 899 multo
396 839 528 899 acerbius
551 840 704 916 proscidit.

193 929 239 988 At
266 928 324 987 hic
352 931 461 988 ctiam
485 929 626 989 facetus
655 947 730 989 esse
757 929 924 1003 voluisti,
953 946 1028 987 cum
1051 929 1136 988 Tar·

128 1019 290 1094 quinium
325 1019 360 1076 ct
391 1018 538 1076 Numam
575 1020 609 1077 et
644 1037 696 1076 me
727 1019 877 1076 tertium
908 1019 1137 1097 peregrinum

126 1125 244 1185 regem
267 1124 342 1166 esse
366 1106 505 1165 dixisti.
1152 1128 1178 1167 10

193 1196 367 1254 Novitatem
395 1192 544 1254 Ciceronis
576 1195 665 1252 multi
692 1194 812 1270 quidem
843 1213 896 1270 per
922 1196 977 1253 illa
1003 1197 1139 1272 tempora

127 1285 315 1344 contumeliis
343 1284 458 1362 agitare
485 1284 656 1358 voluerunt,
687 1285 723 1343 ut
750 1281 880 1343 Catilina
907 1286 938 1344 et
961 1282 1081 1344 Clodius
1109 1287 1140 1344 et

128 1373 201 1449 ipse,
216 1373 351 1449 quamvis
366 1373 481 1451 collega
493 1373 593 1447 fucrit,
613 1371 643 1431 C.
658 1371 820 1432 Antonius:
838 1367 963 1451 <ouius>
977 1373 1138 1432 virtutibus

128 1462 295 1521 obtrectare
322 1479 381 1520 non
409 1462 561 1538 poterant,
593 1462 656 1520 eius
679 1461 880 1520 humilitatem
906 1462 1054 1521 natalium
1076 1480 1138 1520 ma·

127 1551 224 1611 lediaa
260 1551 455 1610 insectatione
492 1549 660 1626 carpebant.
723 1549 919 1610 Notissimum
956 1552 1002 1609 est
1038 1553 1137 1610 autom
1153 1569 1179 1610 15

129 1641 220 1699 finisse
262 1637 431 1699 Ciceronem
472 1641 593 1698 natione
624 1638 768 1698 Vulscum
807 1638 921 1714 Arpino
962 1640 1137 1715 municipio:

127 1728 205 1787 undo
245 1729 292 1786 illi
334 1728 479 1804 quaedam
519 1728 741 1805 peregrinitatis
783 1727 819 1786 ab
854 1727 1033 1787 inrisoribus
1070 1746 1138 1786 oon-

128 1816 304 1876 einnabatur
339 1817 473 1876 infamia.
527 1816 589 1874 Nec
622 1817 655 1874 iu
686 1817 849 1892 praesentis
887 1835 992 1876 causac
1027 1816 1137 1875 iudicio

128 1906 296 1982 Torquatus
319 1907 492 1981 pepercerat
514 1906 595 1965 facta
617 1906 767 1964 mentione
788 1923 892 1982 regum
914 1907 1138 1983 peregrinorum

128 1995 285 2070 Tarquinii
320 1996 351 2053 et
381 1994 505 2053 Numae.
558 1994 669 2052 Fuerat
701 1995 780 2052 enim
815 1994 979 2069 Pompilius
1013 1992 1137 2053 Curibus
1152 2014 1179 2053 ao

129 2082 247 2143 Sabinis
270 2084 362 2156 ortus,
385 2083 565 2158 Tarquinius
588 2101 657 2141 vero
681 2081 797 2141 Priscus
816 2082 972 2142 Demarati
991 2081 1138 2142 Corinthii

126 2170 219 2245 filius,
251 2173 304 2247 qui
334 2172 451 2250 fugiens
484 2171 716 2230 dominationem
744 2168 863 2247 Cypseli
894 2173 927 2229 in
953 2171 1075 2230 Italiam
1107 2191 1138 2231 sc

128 2261 305 2335 Tarquinios
337 2260 504 2319 contulerat
534 2259 635 2335 ibique
666 2259 774 2319 liberos
799 2262 1013 2335 procreaverat.
1063 2259 1137 2318 Ani-

127 2349 347 2408 madvertamus
379 2352 493 2422 tamen,
521 2350 640 2423 quantis
664 2349 773 2408 aculeis
802 2350 971 2424 asperitatis
993 2349 1136 2408 talionem

127 2437 166 2494 M.
181 2437 297 2497 Tullius
319 2438 430 2497 referat
452 2438 500 2496 hio
523 2437 683 2512 Torquato,
707 2455 794 2512 quem
816 2438 927 2512 partim
951 2437 1137 2513 despiciendo
1151 2457 1178 2496 rs

127 2527 194 2601 plus
219 2526 310 2585 abicit
333 2528 363 2584 ct
385 2526 585 2585 humillimum
610 2526 693 2600 facit,
715 2527 826 2600 partim
844 2528 956 2585 maiore
974 2528 1137 2586 insectatur

127 2614 255 2689 invidia,
284 2615 362 2689 quod
383 2615 416 2673 in
439 2615 579 2690 exemplis
603 2616 749 2673 maiorum
771 2615 852 2675 illius
880 2615 1001 2674 haereat
1022 2615 1137 2673 invidia

126 2704 303 2780 tyrannidis.

196 2880 227 2927 11
238 2891 292 2943 sqq.
312 2875 345 2942 of.
365 2873 465 2927 Ascon.
484 2877 526 2938 84,
541 2879 604 2941 leq.

195 2951 226 2998 21
237 2962 291 3014 sqq.
316 2944 371 2998 Cic.
391 2945 470 2999 Tusc.
485 2943 511 2997 V
523 2949 565 3010 37,
581 2949 631 2998 109
659 2943 825 2997 Demaratus
849 2942 971 3010 quidem,
990 2942 1137 3011 Tarquinii

127 3016 217 3069 nostri
233 3017 307 3086 regis
326 3018 415 3084 pater,
434 3018 584 3083 tyrannum
599 3014 747 3083 Cypselum
766 3015 841 3081 quod
859 3014 931 3067 ferre
947 3031 1002 3067 non
1016 3017 1135 3083 poterat,

127 3085 202 3156 fugit
220 3086 386 3154 Tarquinios
410 3085 542 3140 Corintho
570 3088 599 3139 ct
626 3086 667 3139 ibi
694 3101 757 3139 suas
785 3085 910 3138 fortunas
935 3085 1081 3139 constituit
1103 3101 1137 3137 ac

127 3157 229 3210 liberos
248 3156 411 3225 procreavit.

196 3305 209 3351 1
231 3297 380 3352 defendere
396 3298 419 3352 0
471 3298 520 3352 lae.
536 3297 585 3368 5¹s‚
601 3315 649 3352 cin.
660 3324 693 3343 =
709 3302 744 3351 13
757 3299 807 3352 litt.
824 3298 895 3351 κατὰ
910 3300 1096 3367 (υγχώρηεινῖ

129 3369 320 3450 aformamC
354 3368 480 3450 curritC
543 3375 576 3421 12
590 3368 772 3451 noluerintC
835 3373 867 3421 13
882 3366 1005 3442 <cuius>
1020 3386 1035 3424 o
1050 3369 1136 3452 <nam

128 3439 297 3565 tlt-'tila
325 3446 358 3494 14
367 3438 566 3565 scutit
585 3446 663 3579 ot?
677 3439 807 3567 aas
828 3440 904 3563 ‘lte
927 3440 1137 3567 ttdtttll
