2460 3816
580 194 596 254 r
616 193 728 243 ‘rr-vv.
1095 187 1159 255 145

146 360 186 416 sit
209 357 297 415 etde
320 357 425 416 salutis
449 375 519 416 suae
542 357 764 416 conservatione
791 355 864 414 bene
887 356 1019 415 meritus.
1056 355 1160 418 Arina

146 445 280 519 adverte,
317 465 375 521 quo
411 446 573 504 modestiae
605 447 838 521 temperamento
870 444 944 503 haec
975 447 1160 521 exsequatur,

146 537 180 593 ut
203 535 280 593 nihil
302 533 503 610 inpudentiae,
526 534 655 593 multum
677 534 834 610 religionis
853 532 963 592 habeat
985 535 1090 594 oratio.

214 623 272 681 Sic
295 625 387 682 enim
410 624 551 682 dixisti:
579 617 677 682 ‘Vidi
704 641 767 700 ego
790 624 888 681 tuam
910 617 1193 688 lacrimulam.'§

120 731 132 770 s
288 710 456 771 Laterensis
483 713 516 770 in
540 711 672 769 Tullium
699 711 815 771 dixerat
842 711 975 788 epilogos
1002 712 1064 769 eius
1087 712 1159 769 inri-

147 800 230 873 dens,
263 819 336 875 quos
369 820 436 858 eum
466 802 583 860 constat
610 801 736 859 nimium
763 799 875 859 flebiles
903 802 933 858 et
959 801 1159 860 miserationis

145 889 249 964 plenos
272 891 305 946 in
327 889 447 948 iudiciis
474 907 589 963 semper
618 889 764 948 habuisse.
809 889 850 947 Et
871 890 905 946 in
927 887 1079 949 Oratore
1106 907 1159 948 suo

146 978 270 1036 eandem
284 977 443 1036 affectuum
458 978 672 1036 movendorum
685 977 743 1036 sibi
756 978 972 1053 praestantiam
985 977 1158 1039 vindicavit.

145 1064 190 1124 Ao
217 1085 253 1124 ne
280 1067 354 1124 haec
380 1067 528 1125 lenocinia
550 1068 650 1142 potius
678 1065 817 1126 adhibere
844 1066 983 1125 fallendis
1010 1065 1159 1125 iudicibus

107 1174 238 1230 requam
256 1173 324 1212 vere
347 1154 511 1215 secundum
530 1156 624 1214 animi
642 1157 689 1214 sui
706 1157 822 1213 motum
845 1155 941 1213 facere
964 1156 1158 1228 existimetur,

146 1243 301 1302 adseverat
329 1241 462 1318 Cispium
488 1244 544 1302 hoc
571 1262 642 1303 suae
670 1245 813 1303 orationis
845 1244 964 1303 adfectu
991 1262 1052 1302 non
1081 1243 1158 1303 indi·

146 1352 238 1410 gnum
260 1332 364 1406 fuisse,
387 1350 455 1390 cum
477 1351 535 1408 quo
558 1335 626 1408 post
649 1334 799 1392 amicitiae
821 1333 1094 1394 reconciliationem
1114 1333 1159 1391 ita

145 1423 328 1496 participatu
359 1423 496 1480 fortunae
527 1440 598 1481 suae
630 1421 763 1481 dolorem
798 1423 936 1495 senserit,
971 1423 1006 1480 ut
1036 1423 1159 1497 inpense

94 1536 95 1539 ¹
146 1510 233 1587 diligi
255 1512 411 1569 mereatur.

105 1618 130 1658 15
213 1599 279 1657 Sed
310 1618 374 1673 me,
412 1617 487 1657 cum
522 1601 663 1657 tantum
698 1599 769 1657 iam
800 1597 948 1656 Plancio
980 1597 1225 1672 deberem,§'1

146 1687 266 1746 Racili
287 1687 481 1747 beneficiis
504 1688 617 1746 fuisse
641 1689 855 1748 contentum.

211 1777 431 1835 Extenuaturus
464 1778 572 1834 merita
605 1773 655 1834 On.
682 1775 812 1849 Plancii,
849 1792 925 1850 quae
956 1775 1093 1835 intulisse
1125 1776 1159 1835 in

144 1864 184 1922 M.
218 1865 350 1923 Tullium
386 1865 548 1938 videretur,
587 1863 624 1923 de
659 1862 692 1924 L.
730 1864 822 1922 etiam
857 1863 973 1922 Racilio
1010 1862 1157 1939 quaedam

144 1951 313 2012 Laterensis
333 1955 622 2027 commemoraverat,
646 1953 699 2027 qui
715 1953 811 2030 magis
831 1951 1001 2011 adiumento
1022 1949 1157 2011 Ciceroni

104 2061 131 2099 so
145 2042 236 2099 fuisse
268 2040 438 2115 videbatur,
475 2059 542 2099 cum
573 2040 712 2100 Plancius
748 2042 781 2099 in
816 2040 972 2100 tribunatu
1007 2059 1060 2101 suo
1097 2059 1157 2100 non

144 2132 299 2204 tantopere
331 2131 371 2188 sit
397 2149 451 2205 pro
479 2129 611 2200 eiusdem
636 2131 825 2189 restitutione
853 2131 978 2189 conisus.
1027 2129 1073 2188 Ne
1100 2129 1156 2189 hoc

144 2220 238 2294 igitur
261 2219 289 2276 ei
311 2217 425 2281 deesset
442 2219 481 2276 ad
499 2220 637 2296 gratiam,
661 2217 817 2278 confitetur
836 2220 935 2278 animo
953 2219 1155 2294 promtissime

144 2308 236 2364 etiam
258 2306 336 2365 huno
359 2306 514 2366 Plancium
536 2326 607 2385 erga
628 2309 848 2366 restitutionem
870 2326 955 2366 suam
978 2308 1083 2382 fuisse3
1105 2305 1157 2366 sed

145 2396 286 2470 quoniam
309 2398 409 2454 omnia
431 2416 484 2474 per
502 2397 651 2455 Racilium
673 2396 851 2458 videbantur
873 2396 1007 2473 impleta,
1029 2414 1090 2455 non
1107 2413 1155 2455 er·

104 2502 130 2541 as
144 2485 252 2558 petisse
266 2503 297 2544 se
312 2485 393 2559 dicit,
408 2488 442 2544 ut
456 2487 549 2545 etiam·
562 2487 614 2544 ille
628 2505 664 2544 ex
677 2484 824 2561 superfluo
842 2485 1001 2559 laboraret,
1019 2485 1075 2560 qui·
1089 2486 1156 2545 tan-

143 2575 209 2631 tum
240 2573 298 2632 sibi
326 2576 359 2631 in
388 2577 548 2650 quaestura
575 2575 766 2634 Macedonica
797 2575 1004 2651 praestitisset.
1049 2573 1156 2632 Exstat

211 2783 225 2830 7
250 2778 305 2832 Cic.
325 2778 425 2832 Orator
443 2784 547 2846 37,1ao
576 2779 650 2844 Quid
668 2795 720 2848 ego
739 2778 774 2832 de
793 2774 1019 2830 miserationibus
1037 2774 1155 2842 loquar?

143 2848 245 2915 quibus
264 2865 296 2902 eo
316 2867 377 2902 sum
395 2867 461 2903 usus
479 2849 615 2918 pluribus,
635 2849 718 2917 quod,
737 2849 824 2902 etiam
838 2847 862 2900 si
874 2847 969 2916 plures
983 2845 1154 2911 dicebamus,

143 2919 349 2987 perorationem
362 2920 433 2974 mihi
446 2922 542 2975 tamen
556 2936 650 2975 omnes
664 2919 875 2987 relinquebant3
889 2919 919 2972 in
934 2934 988 2986 quo
1002 2919 1035 2970 ut
1045 2916 1157 2971 viderer

143 2989 286 3056 excellere,
303 3007 359 3043 non
376 2990 490 3060 ingenio
509 2991 558 3046 sed
577 2991 672 3044 dolore
690 2989 866 3058 assequebar.

209 3206 294 3259 blac.
314 3209 332 3259 4
349 3221 397 3259 cm.
412 3230 446 3249 =
464 3209 483 3258 8
499 3207 549 3259 litt.
624 3203 800 3258 riudieiio
869 3199 1085 3257 SaffectuimO

143 3274 335 3328 9laenocinia
355 3275 418 3329 Orac
495 3281 684 3343 licumque
705 3275 768 3329 Ome
791 3273 984 3328 cumisMai
1059 3277 1091 3324 13
1110 3270 1153 3324 in·
1201 3319 1204 3324 .

142 3347 286 3414 pensan
351 3353 384 3400 14
401 3349 524 3401 meretur
539 3348 568 3412 0,
586 3348 721 3401 ceruleo
739 3347 891 3400 mereretur
906 3361 949 3400 mo
1017 3349 1050 3397 16
1068 3343 1153 3398 bene-

142 3416 213 3469 ficiis
232 3418 306 3471 codd.
323 3417 376 3472 Oic.
396 3417 526 3472 beneficii
545 3418 569 3473 C
644 3424 677 3471 20
700 3418 831 3473 uideatur
851 3417 911 3483 em,
929 3433 996 3471 corr.
1008 3414 1074 3468 Mai

143 3494 176 3541 22
201 3487 339 3544 deesseO
413 3496 447 3543 24
464 3489 647 3544 RaciuumG
721 3495 755 3544 26
773 3487 949 3543 laboraret}
1020 3491 1064 3534 ‘bb
1074 3481 1176 3541 W&

142 3560 280 3615 Sturam
299 3561 546 3636 ΜὰΟΘὸΟΝΙΕὰἾ
1004 3555 1007 3563 '

186 3657 277 3698 Scholia
290 3659 419 3702 Boblensia
433 3662 471 3705 ed.
481 3664 657 3707 Hildebrandt.
1008 3636 1049 3682 &Q
