2460 3816
538 183 553 244 t
570 183 683 233 24-30.
1050 178 1112 243 121

104 347 259 406 adfinitate
300 348 487 422 coniunctus:
532 346 626 406 filiam
665 347 705 404 M.
741 344 868 405 Antonii
907 347 1010 407 fratris
1051 348 1115 407 eius

103 436 249 495 habuerat
270 437 304 493 in
325 437 524 495 matrimonio.

169 524 240 584 Illo
272 526 351 600 ipso
379 542 483 599 anno,
515 541 582 600 quo
614 525 671 583 lex
697 525 775 584 lata
802 525 856 583 est
883 524 924 584 do
951 526 1116 600 pecuniis
1136 530 1152 592 t
1172 529 1217 579 29.

104 613 324 689 repetundis.

77 722 89 762 s
169 702 398 778 Locupletatum
420 703 585 761 interversa
607 702 734 777 pecunia
761 721 789 776 p.
813 705 844 760 et
866 703 1003 778 spoliatis
1027 704 1119 761 etiam
1179 733 1181 741 ·

103 790 270 866 publicanis
293 790 450 850 Vatinium
478 791 567 864 dioit,
598 793 633 848 ut
660 809 694 848 ex
721 794 898 867 paupertate
925 792 964 849 ad
987 809 1118 850 summas

79 879 226 939 divitias
249 881 424 955 perveniret.
461 880 530 940 Non
552 880 616 939 sine
639 879 769 955 quadam
855 881 888 938 in
907 879 937 938 Ο.
954 878 1119 955 Gaesarem,

104 970 153 1027 eui
175 970 399 1043 acceptissimus
423 971 501 1042 erat,
529 987 576 1042 eo,
603 969 716 1044 inquit,
743 985 821 1027 onae
845 969 959 1028 ditatus
981 972 1039 1042 est,
1062 986 1119 1041 ouo

103 1057 149 1116 lea
167 1058 201 1116 de
217 1059 351 1131 peamau
368 1057 535 1130 repetundis
552 1057 615 1116 iota
633 1061 682 1126 est,
705 1057 742 1116 ab
761 1059 826 1133 ipso
846 1058 960 1116 seilicet
979 1055 1118 1117 Caesam:

65 1165 90 1206 ro
103 1149 138 1204 ut
160 1147 298 1205 videatur
321 1149 351 1204 et
372 1147 425 1204 ille
447 1146 625 1221 inpudenter
642 1145 765 1205 Vatinio
788 1147 889 1214 favere
912 1149 1016 1206 eontra
1037 1147 1119 1224 leges

105 1236 197 1294 etiam
218 1234 312 1294 Iulias
337 1237 543 1294 committenti.

171 1322 236 1382 Oui
271 1325 407 1384 totiens
443 1324 653 1397 maledicas,
691 1325 858 1399 quotiens
895 1327 929 1382 te
966 1325 1026 1382 illi
1058 1324 1119 1383 ad-

103 1413 215 1470 finem
237 1430 314 1471 esse
337 1412 438 1471 diois.

169 1501 295 1577 Propter
308 1503 534 1561 matrimonium
546 1502 688 1561 videlieet
700 1501 859 1575 Antoniae,
877 1521 968 1577 quam
976 1501 1118 1572 Vatinius

63 1590 210 1650 rehabuit
231 1608 361 1650 uxorem.
396 1591 459 1649 Nee
479 1592 652 1668 ignoramus
673 1589 703 1648 G.
720 1589 840 1648 Caesari
857 1591 949 1650 firisse
968 1590 1119 1666 quandam
1213 1646 1217 1667 .-

104 1697 171 1737 oum
202 1680 264 1738 illis
297 1679 497 1754 adfinitatem,
529 1681 640 1754 quippe
671 1678 710 1736 M.
733 1678 898 1753 Antonius,
930 1680 984 1755 qui
1014 1682 1119 1755 postea

84 1770 243 1843 ,triumvir
265 1768 337 1842 fuit,
363 1771 460 1827 matre
482 1767 561 1825 Iulia
585 1767 771 1841 censebatur,
798 1767 831 1824 L.
852 1766 987 1827 Caesaris
1010 1785 1118 1829 sorore.

170 1856 216 1915 Ut
251 1857 288 1914 in
324 1858 429 1932 epulo
467 1854 499 1924 Q.
531 1856 645 1930 Arrii,
686 1856 885 1916 familiaris
921 1859 1003 1932 mei,
1040 1859 1218 1921 eumtssd.

103 1948 189 2022 toga
211 1945 313 2020 pulla
337 1945 572 2004 aooumberes.

64 2052 90 2092 ro
170 2033 215 2091 De
233 2033 289 2093 hoe
308 2036 338 2091 et
356 2051 446 2108 supra
465 2033 654 2091 dictumest:
673 2034 793 2109 epulum
813 2033 927 2093 dedisse
943 2034 976 2104 Q.
986 2033 1118 2110 Arrium,

104 2124 154 2181 eui
176 2124 263 2197 epulo
283 2123 362 2181 solus
376 2122 518 2181 Vatinius
542 2124 698 2197 atratus,
721 2123 777 2181 hoo
795 2125 840 2181 est
859 2141 926 2180 eum
944 2125 1016 2201 toga
1034 2124 1119 2198 pulla

104 2212 282 2285 interfuerit,
306 2229 373 2269 eum
395 2212 524 2270 solerent
546 2211 679 2287 adusque
697 2213 814 2287 tempus
832 2212 1007 2271 balnearum
1025 2213 1119 2270 atrati

105 2318 180 2373 esse,
207 2302 311 2375 postea
333 2318 403 2360 vero
431 2300 632 2359 candidiorem
654 2300 791 2359 habitum
817 2319 940 2360 sumere.
988 2299 1045 2359 Sed
1071 2317 1118 2361 oo·

105 2388 242 2446 currebat
263 2389 348 2463 illud,
371 2391 405 2447 ut
418 2388 559 2448 Vatinius
583 2389 694 2448 dioeret
712 2391 869 2465 eapropter
887 2408 918 2448 se
936 2391 969 2448 in
986 2391 1119 2449 tristiore

65 2493 91 2535 sa
104 2477 210 2536 habitu
241 2496 457 2552 perseverasse,
489 2497 526 2536 ne
557 2481 641 2536 ratae
673 2478 845 2537 viderentur
877 2479 1120 2554 supplicationes,

105 2584 179 2642 quas
207 2566 324 2625 decerni
355 2568 561 2642 postulaverat
588 2566 618 2625 Ο.
642 2566 818 2642 Pomptinus
845 2568 932 2626 rebus
959 2569 993 2626 in
1010 2565 1120 2643 ,Gallia

104 2673 243 2731 prospere
258 2657 359 2733 gestis,
377 2674 445 2714 oum
459 2658 550 2715 etiam
563 2658 721 2715 triumfum
734 2659 857 2731 peteret,
876 2675 964 2731 quem
977 2654 1119 2715 honorem

106 2744 239 2803 obtinere
261 2762 321 2803 non
343 2747 443 2820 potuit
465 2743 695 2819 impedientibus
719 2746 823 2803 amieis
848 2743 878 2802 0.
899 2743 1043 2816 Caesaris,
1066 2744 1120 2818 qui

106 2850 223 2891 omnem
240 2833 359 2890 laudem
377 2834 460 2907 paeis
479 2835 569 2907 atque
583 2834 726 2891 victoriae
741 2831 901 2890 studebant
915 2832 953 2890 ad
970 2833 1120 2891 nemiuem

65 2922 199 2981 aralium
222 2922 282 2979 nisi
305 2920 344 2978 ad
367 2919 523 2978 Caesarem
545 2922 702 2994 pertinere.
740 2919 839 2998 Igitur
860 2939 897 2978 ne
915 2919 1040 2979 Vatinio
1062 2921 1120 2980 hoe

104 3009 258 3084 prodesset
355 3008 465 3067 ideireo
489 3027 520 3067 se
543 3011 675 3067 atratum
698 3009 803 3082 fuisse,
826 3027 862 3066 ne
886 3010 1120 3083 supplicationes

104 3099 223 3158 nomine
248 3096 278 3156 G.
293 3097 447 3172 Pomptini
464 3100 546 3156 ratas
564 3097 704 3156 habuisse
723 3099 753 3156 et
771 3099 849 3156 festa
867 3099 945 3156 faeie
962 3099 1120 3176 religiosas

173 3266 402 3322 ladfinitatemt'
450 3268 526 3321 flue.
532 3265 631 3338 3⁸sem
633 3268 784 3322 .=9litt.‘
773 3267 989 3337 uuovoiqrsoppt
996 3268 1083 3322 Halm

106 3344 138 3391 12
158 3355 222 3392 eum
239 3339 271 3392 tu
290 3339 317 3392 ei
335 3305 615 3393 oontnmelioeissiine
630 3338 705 3393 codd.
718 3339 771 3393 oa
846 3345 878 3392 14
896 3337 1059 3393 Antonia&

106 3414 138 3461 17
162 3409 299 3466 Tulliae
378 3415 411 3463 18
437 3409 582 3479 aepu100
660 3414 695 3462 20
718 3425 771 3479 aep
771 3409 851 3463 ulum
871 3410 894 3465 0
972 3415 1005 3463 22
1025 3409 1121 3462 adrati

106 3480 139 3535 0
199 3486 233 3534 24
251 3481 376 3534 antimus
391 3482 469 3548 Gmo
487 3498 554 3536 corr.
568 3480 605 3535 Or
685 3485 719 3534 29
738 3482 842 3535 neme
917 3481 1036 3529 axum
1045 3477 1141 3535 aarum·

103 3553 186 3618 ficara
204 3550 258 3623 <ut
276 3551 382 3606 dicuat
369 3550 422 3624 t>?
495 3557 529 3608 32
548 3552 647 3608 faeere
666 3553 747 3619 Oreo,
763 3568 839 3611 aori
852 3549 890 3604 St
949 3540 1103 3603 raama
1116 3543 1167 3578 aas
