2460 3816
104 174 126 237 2
405 171 446 226 IN
469 171 497 228 C.
511 171 665 227 VERREM
687 172 766 228 ACT.
783 173 810 226 11

172 342 256 400 Tum
280 341 399 400 subito
422 343 653 417 tempestates
676 344 820 402 coortae
843 345 933 401 sunt.
1047 395 1051 405 .

171 430 199 488 A
234 430 486 506 consequentibus,
516 432 609 509 signis
647 432 871 509 arprmentatur
908 431 946 490 ad
981 430 1117 489 divinmn

106 518 255 594 quoddam
286 520 491 579 testimonium
522 522 553 578 et
583 521 679 598 magis
710 519 891 579 invidiosum
923 539 1006 579 reum
1033 520 1117 594 facit,

106 607 185 683 quod
215 625 275 666 non
307 609 445 668 humanis
473 608 712 684 probationibus,
744 607 795 668 sed
817 608 936 668 indiciis
960 611 1116 667 numinum

105 697 301 773 deprehensus
324 699 371 756 sit.
1131 717 1143 757 a

171 785 228 844 Ita
250 788 371 865 magni
394 786 531 845 fluctus
554 785 789 845 eiciebantur.

171 875 308 933 Enniano
335 874 523 934 hemisticbio
550 893 620 934 usus
648 877 693 934 est
721 894 755 934 ex
783 893 818 934 ea
843 873 1012 953 tragoedia,
1041 894 1116 950 quae

105 957 260 1023 ‘Achilles’
282 963 462 1023 inscribitur.

173 1052 283 1131 Signa
305 1051 491 1128 Apollinis
513 1053 752 1128 reperiuntur.
807 1068 810 1075 ¹

194 1140 342 1217 Expedita
371 1136 566 1219 βραχυλογίᾳ
593 1159 662 1201 usus
686 1144 743 1217 est,
773 1143 808 1199 ut
830 1142 998 1220 gratissime
1021 1142 1117 1199 multa
1132 1161 1159 1200 ro

21 1247 23 1253 ’
107 1229 301 1289 concluderet.
340 1229 398 1289 Sed
416 1231 447 1289 et
464 1231 530 1305 ipsa
550 1229 690 1290 velocitas
708 1248 849 1309 magnam
862 1229 957 1288 babet
975 1230 1117 1288 virtutem

105 1318 264 1395 probandi,
287 1337 358 1377 nam
380 1320 587 1394 consequetur,
614 1320 649 1377 ut
670 1318 832 1378 violentiae
853 1319 1040 1394 tempestatis
1063 1319 1118 1376 illa

107 1427 196 1468 causa
226 1408 333 1483 fuerit,
367 1407 445 1482 quod
471 1407 578 1467 Verres
605 1409 750 1483 templum
772 1406 922 1484 Apollinis
953 1407 1117 1482 spoliasset,

107 1516 174 1557 cum
197 1495 353 1556 redhibitio
376 1496 512 1556 omnibus
534 1497 740 1572 tranquillitas
763 1498 904 1555 restituta
927 1497 974 1554 sit.

20 1589 97 1650 54².
174 1584 428 1661 Apollinemne
450 1589 489 1644 tu
512 1585 660 1644 Delium.
1132 1602 1158 1642 ιο

173 1673 286 1734 Decore
309 1674 569 1750 amplificationem
595 1676 769 1750 prosecutus
792 1676 850 1749 est,
879 1673 964 1749 quasi
986 1673 1053 1748 plus
1077 1675 1118 1731 sit

107 1763 278 1840 Apollinem
292 1763 411 1824 Delium
425 1764 552 1824 violasse
571 1781 661 1838 quam
679 1782 894 1838 quemcmnque
911 1762 1012 1836 alium,
1029 1780 1117 1837 prop-

106 1855 189 1911 terea
222 1853 302 1927 quod
330 1852 408 1928 apud
434 1852 512 1912 banc
539 1852 668 1911 insulam
694 1853 790 1910 maior
816 1851 863 1910 illi
891 1851 1036 1926 quaedum
1058 1869 1119 1909 non

106 1943 225 2000 tantum
248 1943 387 2015 numinis,
410 1960 513 2000 verum
537 1943 628 2000 etiam
650 1941 819 2000 nativitatis
841 1938 948 2018 religio
966 1938 1117 1998 debeatur.

108 2024 252 2104 Ἀφορμὴ
280 2032 434 2105 praetcrea
461 2031 580 2108 elegans
609 2030 871 2089 animadvertenda
894 2030 951 2103 est,
979 2028 1118 2104 quemad·
1133 2046 1159 2084 ro

107 2119 229 2178 modum
261 2120 391 2178 veterem
427 2118 560 2177 fabulam
591 2120 633 2178 sic
664 2119 816 2193 intulerit,
851 2119 886 2176 ut
913 2117 1036 2176 Verrem
1068 2116 1117 2174 ad-

107 2210 241 2266 moneret
272 2208 395 2282 puerilis
428 2207 617 2281 eruditionis,
648 2227 686 2266 ne
718 2207 813 2266 levius
840 2206 924 2265 fieret
951 2207 1007 2265 hoc
1039 2205 1119 2264 *non

109 2297 167 2355 erit
188 2291 314 2355 Acroc*
335 2296 531 2355 induceretur.

22 2387 100 2448 548.
176 2383 382 2460 Apollinem
405 2383 629 2460 Dianamque
651 2386 844 2460 peperisse.

174 2471 253 2532 Huic
289 2475 423 2548 opinioni
458 2492 624 2552 repugnare
660 2473 778 2533 videtur
808 2473 986 2532 Herodotus.
1041 2472 1119 2530 Nam
1133 2488 1160 2528 aa

107 2581 174 2621 cum
195 2581 242 2622 res
265 2561 431 2640 Aegyptias
454 2564 694 2639 persequeretur,
718 2564 760 2622 sic
789 2563 845 2621 ait:
869 2556 1061 2622 Ἀπόλλωνα
1084 2557 1119 2619 δὲ

106 2646 158 2710 καὶ
184 2644 332 2724 Ἄρτεμιν
360 2646 521 2711 Διονύεου
554 2648 604 2712 καὶ
636 2646 727 2711 ”lucc
758 2646 904 2723 λέγοοειν
938 2643 1018 2709 εἶναι
1046 2647 1118 2708 παῖ-

108 2741 174 2800 δας,
219 2735 344 2813 Λητοῦν
368 2737 404 2800 δὲ
426 2737 552 2815 τροφὸν
576 2737 685 2800 αὐτοῖς
714 2736 766 2799 καὶ
790 2735 943 2813 (dissipor
966 2732 1120 2809 γενέεθαι.

176 2879 190 2926 7
214 2873 283 2928 Enn.
303 2876 337 2928 tr.
356 2892 378 2931 r.
399 2880 414 2927 9
433 2873 465 2928 R.
539 2879 572 2927 26
596 2873 698 2928 Herod.
717 2873 743 2926 Π
762 2878 821 2928 156.

176 2999 358 3054 lcohorteO
420 2999 648 3068 bdcpheneusO
709 2997 939 3052 'lemistichioO
995 2996 1126 3050 blemmc.

108 3072 140 3123 ia
157 3075 233 3124 uota
250 3071 378 3124 maismm
396 3071 428 3123 ia
444 3087 551 3124 summa
566 3071 675 3140 papirio
687 3071 776 3138 suppl.
793 3069 816 3124 0
831 3068 914 3137 signa
932 3067 983 3121 illa
996 3067 1028 3120 A.
1044 3065 1120 3121 codd.

111 3140 164 3194 Cic.
229 3145 262 3192 10
277 3140 377 3208 expedi
393 3140 431 3209 Cp
485 3140 706 3208 βραχυλογειαθ
771 3145 803 3193 12
818 3141 851 3193 ut
866 3140 897 3210 0,
918 3155 1004 3208 supra
1020 3138 1123 3191 lincam

108 3211 196 3278 suppl.
248 3215 280 3263 13
299 3209 446 3280 Apollonis
462 3211 486 3265 0
538 3215 569 3265 17
589 3227 769 3279 quemcumq;
788 3209 850 3283 {alia
864 3212 943 3278 (ciel)
962 3211 1071 3279 pterea·
1092 3208 1122 3274 0,

109 3297 176 3336 corr.
198 3279 236 3335 Or
291 3286 324 3335 18
347 3282 468 3349 quedam
486 3298 519 3336 cc
538 3282 688 3350 quemdam
706 3298 782 3337 eraso
795 3300 824 3334 m
843 3282 865 3336 0
881 3299 949 3336 corr.
987 3286 1019 3332 οἳ
1034 3280 1123 3333 verbis

109 3351 310 3420 corruptisOin
319 3359 401 3423 mpq
415 3353 560 3421 adscripsit
614 3353 676 3420 hoc,
693 3353 787 3407 sinon
796 3352 971 3406 illitoratnes
984 3367 1039 3404 neu
1048 3368 1122 3417 περι-

110 3425 197 3489 έργω(
207 3424 264 3477 Leo
322 3428 356 3476 26
370 3424 548 3493 persequitur
556 3442 589 3494 pr
630 3424 817 3479 Ἀπολλοναθ
874 3429 906 3476 27
919 3422 1089 3490 Ἀρτεμηνθ

110 3495 521 3561 κοιΗειοδοεδεγουεεινεινοι0
609 3500 642 3549 28
671 3497 781 3563 Λητοῦν
804 3492 881 3551 codd.
905 3494 1008 3548 Herod.
1029 3510 1123 3546 roucrv

111 3565 182 3635 Oppr
235 3566 396 3634 cwrrpovC
