2460 3816
590 171 738 232 §24-2‘1.
1101 165 1169 246 131?

153 354 207 410 pro
240 335 423 394 sublimitate
450 335 578 393 nominis
607 337 637 394 et
665 336 817 410 potentiae
844 333 998 410 superbius
1025 335 1081 395 hoo
1109 335 1166 394 sibi

154 427 228 500 aput
250 424 395 500 populum
416 423 604 484 vindicando.

219 513 374 590 Rogatio
396 513 482 571 haee
505 531 643 589 semper
666 515 720 571 est
742 513 1020 589 gratiosissima.

220 600 366 670 Quoniam
449 601 573 661 verbum
595 604 641 660 est
663 603 693 660 et
714 600 865 659 interdum
881 603 982 676 potest
1003 603 1164 679 rogatio·

126 710 229 750 anem
264 691 296 749 id
332 692 378 749 est
497 689 678 768 significare,
715 690 826 748 ideireo
862 690 911 748 hio
948 689 1165 749 admonendum

152 781 292 838 lectorem
328 780 434 855 putavi
473 779 699 856 rogationem
740 797 758 838 a
794 778 894 837 Tullio
933 796 1001 837 oum
1036 781 1163 837 maxime

152 869 367 943 petitionem
390 867 561 944 significari,
585 886 661 944 quae
684 869 765 926 faeta
787 869 828 926 sit
849 886 903 942 pro
927 867 1094 926 candidato.

217 957 271 1014 An
301 955 567 1016 Minturnenses
605 957 736 1031 ooloni‚
773 956 865 1032 quod
903 953 932 1015 O.
964 955 1116 1015 Marium
1147 963 1230 1023 e5

153 1045 258 1104 oivili
280 1045 376 1104 ferro
404 1048 510 1120 atque
538 1065 578 1103 ex
604 1047 729 1122 impiis
756 1045 920 1104 manibus
943 1047 1162 1121 eripuerunt.

112 1155 137 1194 ro
217 1134 282 1192 Iam
309 1136 464 1192 narratum
491 1153 509 1193 a
539 1153 587 1192 mo
613 1135 669 1195 hoo
701 1135 868 1210 exemplum
899 1135 1069 1210 plenissime
1101 1135 1162 1194 soie

153 1221 182 1281 (l.
196 1223 283 1296 Mari,
304 1224 356 1298 qui
376 1222 506 1298 Syllanis
525 1224 616 1282 armis
635 1223 739 1282 cedens
763 1241 831 1281 oum
847 1222 910 1283 filio
928 1223 961 1280 in
978 1222 1162 1282 Minturnen-

152 1313 229 1369 sium
242 1311 401 1388 paludibus
420 1312 517 1370 latuit.
550 1311 622 1371 Inde
636 1314 770 1386 emissus,
789 1313 930 1388 quoniam
943 1330 1003 1370 non
1016 1312 1162 1388 potuisset

152 1399 259 1475 oaoidi,
291 1402 412 1478 navigio
443 1402 591 1477 inpositus
623 1402 656 1459 in
681 1401 817 1459 Africam
848 1402 1003 1476 perveetus
1031 1400 1161 1476 adusque

152 1489 267 1547 dirutae
285 1489 480 1567 Karthaginis
502 1489 583 1549 fines.
619 1489 692 1548 Inde
715 1491 805 1549 armis
826 1487 967 1555 Cinnanis
990 1491 1023 1547 in
1040 1489 1161 1547 Italiam

109 1597 135 1638 rs
149 1580 305 1638 restitutus
329 1580 359 1637 et
382 1579 505 1654 adeptus
529 1578 656 1655 denique
678 1580 839 1654 septimum
861 1579 1055 1638 consulatum.

216 1664 314 1734 Quod
340 1687 391 1726 me
414 1669 472 1727 vel
498 1669 534 1727 vi
560 1668 703 1744 pulsum
725 1668 782 1728 vel
804 1669 946 1726 ratione
970 1667 1159 1726 cedentem.

214 1754 379 1815 Prudenter
408 1757 465 1816 hoo
492 1757 660 1832 suspendit,
687 1775 724 1814 ne
752 1757 805 1815 aut
831 1755 989 1815 damnatus
1018 1758 1070 1814 aut
1093 1756 1160 1814 ann

148 1845 240 1903 fuisse
262 1864 405 1921 umquam
427 1844 584 1905 videretur.
631 1845 672 1902 Et
693 1845 748 1904 vis
776 1845 856 1902 enim
882 1840 1020 1920 proprior
1046 1847 1093 1903 est
1113 1845 1159 1902 in-

147 1934 242 1992 iuriae
265 1953 356 2009 quam
378 1935 562 1992 accusationi
588 1936 618 1992 et
645 1935 754 2007 ratio,
782 1951 841 2008 qua
868 1951 899 1992 se
923 1933 996 1991 dioit
1017 1934 1158 1993 maluisse

107 2042 134 2081 eo
147 2021 218 2080 urbe
236 2022 379 2096 resedere,
397 2025 565 2099 respectum
582 2021 721 2081 habuisse
739 2023 838 2098 potest
851 2023 994 2081 utilitatis
1008 2021 1158 2099 publicae:

146 2129 183 2169 ne
205 2112 373 2186 periculosa
394 2112 497 2170 multis
521 2111 628 2170 seditio
650 2114 826 2170 moveretur.

211 2199 279 2258 Hio
309 2203 362 2259 est
394 2202 500 2273 enim,
536 2202 597 2275 qui
629 2200 922 2259 adulescentulus
956 2217 1032 2258 oum
1061 2199 1154 2259 Aulo
1176 2203 1227 2263 §2

147 2287 328 2365 Torquato
356 2290 541 2366 profectus
573 2291 610 2348 in
632 2289 794 2348 Africam
826 2291 877 2348 sio
909 2287 951 2347 ab
982 2289 1050 2347 illo
1077 2307 1157 2367 gra·

145 2378 294 2437 vissimo
317 2381 395 2438 viro
419 2377 576 2437 dilectus
599 2380 660 2437 est.

105 2485 130 2525 aa
212 2465 290 2525 Ante
329 2470 413 2526 notae
449 2469 529 2527 vitae
565 2466 666 2526 offioia
699 2469 889 2525 recensentur
924 2465 1053 2542 quadam
1089 2464 1157 2526 sub·

144 2555 223 2613 ieata
320 2559 494 2616 numerante
517 2559 642 2631 oratore,
665 2556 772 2632 quibus
797 2556 870 2615 loeis
894 2554 1060 2631 quibusque
1082 2557 1155 2614 tem·

144 2644 266 2719 poribus
298 2647 328 2703 et
359 2645 525 2705 cuiusmodi
551 2647 684 2706 virorum
714 2645 825 2704 iudioio
854 2643 904 2703 (ln.
928 2644 1033 2702 Planoi
1059 2661 1155 2702 mores
1220 2651 1222 2656 '

145 2733 330 2808 comprobati
352 2735 420 2792 sint.
460 2733 544 2802 Quod
566 2736 666 2809 ipsum
688 2735 791 2792 statim
813 2733 975 2810 vigilanter
997 2750 1068 2807 erga
1090 2751 1155 2806 per·

145 2838 248 2882 sonam
271 2822 416 2897 Torquati
438 2823 525 2896 facit,
553 2824 636 2881 ouius
664 2823 843 2899 gravitatem
870 2822 901 2878 et
927 2821 1155 2878 sanctimoniam

212 2977 245 3025 10
263 2973 297 3038 cf.
312 2989 379 3042 pap.
398 2977 441 3039 58,
457 2977 480 3024 1.

211 3121 226 3167 2
254 3114 419 3168 uindicanti
443 3113 632 3170 Ouindioans
654 3131 682 3168 m
699 3113 823 3168 Wunder
912 3118 927 3165 3
955 3111 1026 3166 haee
1049 3112 1113 3168 Ome

142 3187 205 3255 ipsa
222 3188 299 3242 codd.
315 3187 369 3242 Oia
448 3190 465 3238 4
493 3187 542 3240 lae.
562 3185 613 3256 ΡΛ
638 3202 686 3241 cm.
705 3211 739 3230 =
763 3190 796 3239 11
820 3185 870 3239 litt.
890 3183 1046 3252 ἀμφίβολον
1062 3186 1151 3252 suppl.

142 3275 185 3313 mo
266 3264 281 3313 5
310 3260 360 3313 loe.
379 3262 397 3313 4
415 3274 463 3312 carr.
478 3283 511 3303 =
532 3262 549 3311 7
567 3258 617 3312 litt.
637 3257 767 3325 ψήφιεμα
784 3257 872 3325 suppl.
891 3271 934 3309 mo
1016 3262 1031 3308 6
1059 3254 1131 3327 <per

141 3330 384 3455 rcogffiopemmffi
407 3400 437 3454 M
452 3328 708 3456 mgmmmgm
727 3328 776 3454 00
829 3325 1130 3453 1112Matritq100<de

143 3443 176 3525 25
191 3417 408 3540 acailaloomntocoror.
420 3417 486 3526 iugali
499 3488 514 3526 o
587 3415 752 3542 igalgeffisp
762 3487 810 3524 cm.
819 3495 853 3516 =
865 3473 898 3524 13
909 3414 965 3524 litis
972 3415 1169 3522 {stemmatum

141 3544 230 3612 suppl.
244 3560 287 3597 mo
305 3545 516 3612 καταριθμήεειῗ
589 3543 777 3600 enumerante
796 3541 836 3598 Or
1054 3611 1092 3664 v
