2460 3816
130 134 173 199 10
386 110 390 123 '
500 131 570 187 rac
594 132 623 187 Ρ.
644 131 758 187 srum

128 303 317 364 abstinerent.
363 301 528 377 Aliquanto
555 303 659 379 postea
686 304 816 362 severior
844 303 892 360 lex
920 300 1082 377 Calpurnia
1108 304 1139 360 et

126 393 253 470 pecunia
275 391 417 450 multavit
440 393 470 450 et
491 393 524 449 in
545 393 723 468 perpetuum
745 389 906 450 honoribus
928 392 1017 451 iussit
1039 409 1138 450 carere

127 481 299 554 damnatos3
336 479 485 539 habebant
520 482 621 539 tamen
656 481 810 540 licentiam
845 479 969 538 Romae·
993 479 1137 540 morandi.

126 570 243 643 Postea,
261 571 323 628 iam
342 569 490 628 damnatis
506 568 591 645 Sylla
608 571 639 628 et
651 568 808 643 Autronio,
828 587 954 647 poenam
972 569 1008 628 de
1023 568 1138 628 ambitu

127 660 295 737 graviorem
322 658 455 718 consules
483 656 514 718 0.
537 656 686 718 Antonius
714 660 745 718 et
772 656 874 717 Oicero
902 660 1074 732 sanxerunt,
1104 659 1138 715 ut
1166 674 1178 716 s

126 750 245 824 praeter
280 747 353 806 haec
384 746 534 807 veteribus
570 747 685 826 legibus
722 748 886 807 constituta
922 748 1013 806 etiam
1049 747 1137 806 exilio

126 837 334 895 multarentur.
555 820 560 835 ’

193 925 238 982 Et
265 925 364 984 locus
397 926 450 984 cst
477 925 553 1000 ipse
580 943 648 983 non
680 927 753 984 tam
785 925 827 984 ad
858 923 1137 983 inflammandos

127 1014 421 1073 calamitosorum
466 1015 618 1087 animos,
664 1032 767 1090 quam
813 1013 856 1072 ad
900 1012 1138 1073 consolandos

126 1101 424 1162 accommodatus.
1152 1119 1178 1158 ro

276 1191 508 1267 Neapolitanam
542 1192 696 1250 civitatem
727 1191 832 1268 procul
863 1192 955 1251 fuisse
987 1190 1024 1250 ab
1056 1191 1138 1248 omui

126 1281 264 1357 contagio
313 1280 395 1339 illius
441 1281 656 1340 coniurationis
707 1298 741 1340 ac
790 1281 947 1358 propterca
993 1279 1138 1338 delectam

125 1368 159 1431 P.
188 1368 301 1444 Syllae,
342 1370 377 1427 ut
412 1368 456 1426 ibi
496 1389 555 1428 non
598 1369 758 1429 sceleratus
794 1370 915 1443 lateret,
957 1368 1007 1428 sed
1048 1369 1138 1428 miser

127 1458 355 1532 conquiesceret.

38 1552 115 1616 518.
192 1545 366 1605 Veniebat
399 1547 491 1605 enim
523 1547 565 1606 ad
596 1566 648 1606 me
676 1549 711 1606 et
738 1564 844 1624 saepe
871 1545 1040 1606 veniebat
1067 1544 1137 1603 Au·
1152 1563 1177 1604 15

125 1637 276 1695 tronius.

193 1723 359 1783 Salubriter
381 1724 494 1783 institit
516 1724 585 1782 huic
603 1726 693 1801 parti,
716 1724 818 1783 multis
838 1725 868 1783 et
890 1725 1021 1799 inpensis
1044 1724 1137 1798 preci·

125 1813 180 1873 bus
203 1813 348 1872 auxilium
376 1812 555 1873 defensionis
583 1814 821 1873 commemoratis
850 1814 1000 1872 amicitiae
1027 1813 1137 1871 veteris

126 1903 236 1962 officiis
259 1899 440 1960 Autronium
463 1903 629 1978 postulasse
652 1903 820 1977 multosque
845 1903 919 1961 alios
942 1900 1059 1961 adhoc
1082 1901 1137 1959 im-

30 2054 33 2059 ,
125 1989 303 2068 patrandum
343 2009 397 2065 pro
434 2009 465 2050 se
501 1991 705 2067 deprecatores
743 1990 911 2051 adhibuisse
947 2008 1001 2049 nec
1036 1991 1138 2048 tamen
1152 2008 1177 2048 so

126 2081 295 2152 extorsisse,
322 2080 357 2136 ut
383 2081 527 2154 patronus
555 2082 583 2140 ei
606 2083 636 2140 et
658 2080 794 2139 defensor
822 2079 990 2140 adsisteret:
1022 2097 1059 2137 ne
1082 2078 1138 2137 hoc

126 2169 223 2228 dicere
255 2167 440 2227 adversarius
472 2171 584 2245 posset:
617 2161 743 2228 ‘Idcirco
779 2168 961 2227 Autronium
996 2186 1056 2226 non
1089 2167 1137 2225 de-

125 2257 260 2330 fendisti,
293 2256 372 2330 quod
403 2276 462 2315 nou
494 2260 567 2318 satis
600 2260 703 2336 egerit,
736 2260 770 2316 ut
802 2277 820 2317 a
851 2260 881 2316 te
913 2250 1137 2315 defenderetur.'

126 2346 184 2405 Sed
216 2348 242 2405 si
268 2344 323 2402 hoc
355 2346 571 2420 impensissime
599 2347 772 2423 deprecatus
801 2349 846 2405 est
872 2364 926 2405 nec
955 2346 1137 2421 impetravit,

125 2434 221 2495 videri
243 2436 304 2493 iam
332 2435 431 2509 potest
456 2435 567 2495 idcirco
590 2435 629 2494 ad
652 2434 867 2495 defendendum
890 2435 1005 2510 Syllam
1027 2434 1137 2507 venire,
1151 2451 1177 2491 ee

126 2524 206 2599 quod
228 2524 264 2582 de
288 2523 351 2580 eius
374 2524 544 2584 innocentia
568 2526 664 2584 certus
687 2527 734 2585 sit.

38 2616 114 2680 521.
192 2611 291 2682 Quod
308 2611 464 2687 tandem,
483 2614 677 2689 Torquate,
700 2611 867 2692 regnum?
904 2611 1136 2684 Consulatus,

126 2702 243 2777 credo,
271 2701 352 2774 mei3
383 2702 420 2758 in
448 2721 514 2777 quo
542 2722 605 2780 ego
633 2703 811 2778 imperavi
832 2702 916 2760 nihil.

193 2790 403 2851 cumulamus
422 2792 567 2851 iuvidiam
582 2791 750 2866 Torquatus
768 2793 800 2849 in
814 2809 971 2866 personam
989 2789 1028 2847 M.
1043 2789 1137 2846 Tullii

125 2885 156 2940 et
173 2882 229 2941 hoc
243 2880 367 2952 dixerat,
386 2880 515 2955 quodam
533 2881 620 2939 illum
638 2882 746 2956 spiritu
760 2880 843 2939 velut
860 2881 961 2957 regiae
978 2879 1136 2954 potestatis
1151 2895 1177 2936 oo

126 2988 294 3046 exposcere,
339 2970 373 3025 ut
415 2969 499 3046 Sylla
543 2972 683 3028 innocens
724 2969 879 3029 iudicetur.
947 2968 1052 3042 Itaque

194 3145 277 3208 lsqq.
297 3143 331 3208 cf,
351 3135 451 3191 Ascon.
472 3144 571 3204 61,11.

193 3299 412 3355 amultafuitO
471 3297 668 3352 4damnati0
729 3299 911 3351 tsanserunt
927 3298 974 3352 Um
1038 3301 1070 3348 11
1087 3297 1137 3350 loe.

125 3386 172 3423 ure.
193 3370 241 3424 lin.
257 3373 290 3440 -Ι-
309 3371 361 3442 2¹s,
382 3387 430 3426 ern.
446 3397 479 3416 =
498 3374 534 3425 21
555 3370 604 3425 litt.
629 3371 772 3436 ἐνθύμημα
792 3370 916 3424 ἀπὸτοῦ
940 3370 1048 3423 educo?

127 3445 158 3495 17
180 3441 330 3496 assecla·
405 3447 438 3495 20
458 3441 713 3510 depraecatoresO
787 3445 821 3493 24
840 3439 1024 3508 depraecatus
1046 3439 1067 3493 0

125 3517 157 3564 31
179 3513 228 3567 lae.
245 3518 261 3567 4
275 3530 324 3568 cm.
340 3540 373 3559 =
390 3518 424 3568 10
438 3515 487 3568 litt.
508 3516 536 3568 ἐξ
556 3512 702 3568 drosaico?
