2460 3816
141 165 205 229 112
480 164 552 218 PRO
575 163 698 218 SESTIO
721 169 737 231 s
756 170 816 218 142.

138 334 273 393 Africam
300 333 417 392 decreto
440 332 738 411 Karthaginiensium
764 336 920 393 revocatus
948 335 1153 411 congressione

138 425 213 498 aput
257 423 380 480 Zamam
425 423 506 480 facta
548 425 704 498 superatus
750 441 768 481 a
813 422 844 481 P.
887 421 1040 497 Scipione,
1087 441 1154 481 cum

138 514 304 585 vereretur,
344 530 382 569 ne
418 529 529 570 merces
565 513 647 587 pacis
683 513 747 586 ipse
782 512 893 586 populo
930 511 964 569 R.
998 511 1155 571 dederetur

140 620 157 659 a
189 602 249 660 suis
281 600 408 673 civibus,
441 600 560 678 aufugit
596 602 627 659 et
659 600 762 660 absens
795 599 954 659 damnatus
987 603 1044 675 est3
1075 600 1154 659 bona

137 690 303 766 publicata,
341 689 445 748 domus
482 689 582 748 diruta
615 691 667 748 est.
721 689 789 764 Ipse
821 708 891 747 vero
923 691 1020 764 primo
1052 708 1083 748 se
1115 689 1154 748 ad
1182 708 1194 749 ⁶

137 779 319 837 Antiochum
346 779 378 835 in
407 776 526 852 Syriam
553 778 695 853 contulit3
721 777 803 852 inde,
831 796 899 836 cum
921 797 1028 853 parum
1049 777 1155 836 fideret

137 868 280 926 Antiochi
325 868 437 940 animo,
484 867 600 944 defugit
640 866 679 924 ad
718 866 856 926 Prusiam
900 868 933 924 in
978 867 1154 942 Bithyniam

137 957 238 1032 ibique
261 956 368 1014 hausto
391 974 504 1014 veneno
528 956 654 1014 decessit
675 955 818 1014 Romanis
841 956 1078 1029 imminentibus,
1102 957 1155 1031 qui

139 1065 206 1104 eum
242 1044 488 1119 comprehendere
526 1045 701 1121 gestiebant.
761 1042 904 1104 Omnibus
936 1046 1039 1120 itaque
1071 1063 1154 1120 perc-

139 1135 232 1212 grinis
265 1134 406 1208 exemplis
436 1133 544 1192 subicit
573 1133 776 1192 Romanorum
812 1134 988 1193 documenta
1023 1134 1155 1192 breviter
1169 1152 1195 1193 ro

139 1225 169 1281 et
191 1225 328 1300 congesta
352 1223 438 1297 quasi
466 1224 669 1282 eminentioris
693 1222 806 1299 gloriae
830 1224 1153 1281 commemorationem:

139 1313 177 1370 ad
204 1331 277 1387 quos
304 1311 465 1370 imitandos
496 1312 652 1386 provocari
679 1310 806 1369 debeant
833 1313 954 1388 ingenia
980 1312 1153 1370 iuventutis.

138 1402 200 1459 Nec
222 1402 323 1459 tamen
346 1400 458 1458 recedit
481 1419 607 1475 usquam
626 1418 644 1458 a
662 1400 694 1458 P.
710 1399 789 1459 Sesti
811 1400 989 1474 defensione,
1013 1402 1155 1476 quoniam

138 1492 169 1548 ct
195 1492 294 1565 ipsum
316 1508 370 1565 pro
393 1508 425 1546 re
448 1509 476 1564 p.
500 1489 596 1547 videri
623 1489 723 1548 studet
750 1489 788 1547 ad
814 1489 1030 1547 restituendum
1058 1489 1154 1566 digni-

137 1580 197 1638 tati
219 1597 289 1637 suae
312 1578 445 1636 Tullium
467 1577 626 1638 laborasse.
1170 1595 1196 1637 15

206 1665 270 1726 Oui
297 1669 462 1742 superior
490 1686 602 1726 annus
630 1667 723 1725 idem
750 1668 785 1724 et
807 1667 951 1725 virilem
979 1668 1096 1742 patris
1120 1669 1155 1724 et

138 1759 366 1831 praetextam
389 1757 517 1831 populi
538 1756 676 1814 iudicio
700 1759 821 1833 togam
844 1756 992 1813 dederit.

206 1841 369 1904 Ἐνπαθῶ(
396 1842 454 1903 τὸν
487 1840 641 1916 ἐπίλογον
670 1846 745 1903 facit
772 1846 975 1904 vehementius
1004 1844 1155 1902 adfectum

138 1935 338 1993 miserationis
371 1936 445 2009 aput
477 1934 609 1991 iudicum
641 1936 755 1992 animos
788 1936 989 1993 commoturus
1021 1935 1155 1991 omnium

207 2144 269 2206 leq.
288 2137 357 2206 Nep.
377 2137 467 2191 Hann.
489 2144 513 2204 6,
529 2145 607 2207 lsqq.
641 2137 714 2191 Hinc
738 2181 788 2194 ...
812 2140 957 2192 revocatus
1048 2136 1155 2206 cupivit

210 2208 317 2262 bellum
346 2225 525 2278 componere,
558 2226 612 2277 quo
640 2209 779 2263 valentior
805 2211 903 2278 postea
931 2209 1153 2278 congrederetur.

141 2323 191 2334 ...
212 2281 288 2348 apud
307 2280 422 2333 Zamam
442 2298 506 2333 cum
525 2281 623 2334 eodem
642 2281 774 2334 conflixit.

207 2358 269 2419 aeq.
289 2352 356 2404 ibid.
376 2357 426 2417 9,1
461 2368 628 2405 ...verens
646 2368 682 2406 ne
701 2352 849 2405 dederetur
874 2352 999 2419 ....(l)

206 2428 286 2490 daqq.
306 2423 371 2475 abia.
392 2426 447 2489 7,6
566 2421 655 2491 legati
686 2421 886 2492 Carthaginem
912 2422 1054 2476 venerunt.
1097 2420 1155 2474 Hos

139 2492 282 2546 Hannibal
308 2495 387 2545 ratus
415 2493 458 2546 sui
487 2493 655 2562 exposcendi
683 2494 777 2562 gratia
801 2493 901 2546 missos
991 2492 1021 2544 in
1045 2491 1156 2560 Syriam

141 2564 178 2618 ad
205 2563 376 2617 Antiochum
408 2564 542 2633 profirgit.
673 2564 760 2618 Poeni
868 2564 942 2617 bona
971 2563 1030 2617 eius
1062 2563 1155 2631 publi-

141 2636 252 2702 carunt,
285 2635 399 2688 domum
432 2651 449 2689 a
481 2635 672 2689 fundamentis
705 2635 888 2703 disiecerunt,
920 2635 1013 2704 ipsum
1045 2633 1155 2688 exulem

141 2707 310 2760 iudicarunt.

208 2783 275 2847 taq.
299 2779 364 2832 ibid.
385 2783 458 2845 10,1
586 2779 622 2831 ad
649 2777 777 2831 Prusiam
809 2778 838 2830 in
872 2778 992 2830 Pontum
1018 2776 1153 2845 pervenit.

141 2855 182 2914 12,
198 2855 213 2902 2
237 2849 335 2904 Patres
354 2850 506 2919 conscripti
586 2849 695 2919 legatos
714 2850 744 2902 in
758 2849 922 2918 Bithyniam
943 2849 1079 2902 miserunt

141 2926 156 2973 5
260 2938 397 2974 venenum
494 2921 622 2989 sumpsit.

208 3109 328 3177 3NGCG·
361 3115 439 3184 pacis
449 3116 510 3184 ipsa
519 3119 618 3185 scripsi
627 3115 814 3171 capiscwlo
824 3132 924 3170 emmo
978 3114 1122 3168 acturus·

142 3185 215 3239 afuit
243 3187 320 3252 Ome,
348 3203 416 3240 corr.
442 3187 571 3240 Gcamitz
648 3192 664 3240 5
692 3187 754 3255 ipso
784 3186 807 3240 0
885 3191 936 3239 56
963 3186 1156 3239 aclantiodum

143 3257 166 3311 0
267 3263 282 3308 'l
316 3256 411 3310 deficit
439 3259 516 3324 Ome,
543 3275 611 3312 corr.
638 3259 676 3313 Or
783 3258 818 3310 ad
851 3257 981 3310 Prostani
1011 3255 1155 3325 Bityniam

142 3328 166 3382 0
244 3333 276 3382 11
306 3329 498 3397 congestan
577 3335 610 3382 13
637 3345 745 3396 usquae
769 3330 803 3395 0,
822 3345 872 3382 om.
891 3345 947 3395 mo,
971 3345 1038 3383 corr.
1054 3328 1087 3382 St

141 3398 286 3454 ὰΡὸΕΝΤΙ
316 3413 334 3450 a
360 3399 390 3453 P.
411 3399 495 3453 Sestii
518 3417 560 3454 mo
586 3416 603 3452 a
626 3400 768 3470 praesenti
791 3401 832 3470 Zp
946 3405 978 3453 14
1007 3399 1155 3469 dignitatis

143 3471 166 3525 0
272 3474 305 3524 17
336 3470 433 3524 ΕΝΠὰ
550 3472 600 3524 ΟΝ
633 3474 683 3536 lac.
712 3489 760 3525 aa.
789 3473 839 3526 zita
868 3477 893 3525 ct
920 3474 937 3523 4
965 3472 998 3540 -Ι-
1028 3470 1077 3542 11],
1106 3487 1154 3525 can.

132 3565 168 3583 =
185 3546 230 3592 15
241 3543 293 3595 leta
315 3544 505 3611 ἐνπαθητικὸν
523 3543 566 3617 Zp
