2460 3816
434 145 506 200 rao
529 143 667 201 roseco
691 151 706 212 s
727 151 820 200 2-ss

370 345 547 428 <INCIPIT
575 348 653 435 PRO
680 345 866 428 FLACCO.)
904 419 905 422 Ἴ
940 357 943 361 ’

228 469 522 552 <subscri>bentibus
541 473 574 531 L.
584 474 680 533 Balbo
700 477 730 532 et
745 474 873 550 Apuleio
888 475 1029 550 Deciano,
1048 495 1122 550 quos
1141 482 1157 545 ξ
1177 484 1204 532 2.

105 565 173 624 vult
196 564 409 623 obtrectatores
441 563 578 641 intellegi
608 563 726 626 invidos
754 564 867 642 gloriae
896 564 984 623 huius
1007 564 1123 624 Valerii

106 654 208 712 Flacci
230 654 385 730 magisque
408 653 560 729 cupientes
583 651 733 712 destruere
752 654 895 712 virtatem
914 671 1004 727 quam
1026 654 1123 735 ullum

78 745 218 802 aorimen
241 741 408 816 ostendere,
435 760 562 816 quorum
584 759 725 818 personas
749 744 854 801 onerat
880 741 1008 817 invidia,
1036 745 1123 818 quasi

106 832 182 889 nihil
205 831 288 889 aliud
310 831 461 889 adfectent
483 848 574 905 quam
597 832 833 890 coniurationem
855 832 941 890 illam
965 829 1121 906 Catilinae,

107 939 183 995 quae
206 922 262 978 hoo
285 919 422 978 adiutore
445 937 586 994 oppressa
609 921 657 993 sit,
680 919 840 979 vindicare.

173 1009 210 1068 Si
254 1027 420 1083 umquam
464 1026 519 1067 res
565 1009 841 1084 paconsilium,
887 1010 1201 1087 gravitatem,§3.

105 1100 325 1174 sapientiam
364 1097 524 1155 iudicum
564 1097 790 1172 imploravit,
831 1098 909 1172 hoo,
949 1098 1027 1172 hoc,
1068 1100 1121 1157 in-

64 1206 222 1262 mquam,
245 1190 405 1262 tempore
428 1186 601 1262 inplorat.

247 1274 445 1334 Vehementer
476 1276 705 1356 congeminavit,
736 1277 772 1334 ut
803 1276 977 1335 attentiores
1005 1277 1120 1336 animos

104 1365 236 1423 iudicum
262 1365 387 1438 faceret,
416 1383 473 1439 quo
501 1365 597 1441 magis
620 1365 776 1423 universae
798 1365 843 1422 roi
869 1383 897 1438 p.
921 1365 1119 1440 providerent,

104 1472 140 1511 ne
167 1454 241 1511 bene
265 1455 379 1512 meritis
407 1453 520 1512 civibus
544 1454 640 1512 virtus
668 1471 722 1512 sua
749 1471 809 1510 non
837 1454 966 1530 gratiam
993 1456 1121 1530 praemii

104 1542 155 1601 sed
173 1544 331 1600 materiam
348 1542 474 1618 periculi
493 1544 687 1617 compararet.
724 1541 779 1601 asa
798 1559 867 1619 ergo
893 1585 942 1599 ...
966 1543 1120 1619 invigilari

63 1649 89 1689 15
104 1634 253 1707 oportere,
277 1650 313 1689 ne
337 1650 451 1705 omnes,
480 1631 657 1705 quicumque
679 1631 728 1688 rei,
746 1651 774 1706 p.
798 1630 986 1705 protuerunt,
1015 1631 1119 1690 simili·
1184 1647 1186 1651 ’

103 1720 157 1778 bus
186 1720 352 1779 calumniae
379 1720 522 1796 periculis⁸
549 1721 732 1795 optarantur.
782 1718 848 1778 Iam
875 1720 954 1776 enim
982 1723 1120 1796 coeperat

103 1808 267 1868 invidiosus
314 1809 485 1868 consulatus
532 1826 594 1868 esse
637 1805 785 1866 Ciceronis
826 1825 914 1885 aegro
955 1808 1117 1867 ferentibus

103 1899 251 1974 plerisque
280 1897 360 1972 quod
390 1897 577 1956 indemnatos
610 1897 688 1956 cives
715 1896 749 1953 R.
773 1898 907 1956 iussisset
937 1897 970 1954 in
1003 1914 1118 1956 carcere

103 1987 294 2064 strangulari.
936 2042 937 2047 ,

62 2093 88 2132 ao
169 2076 247 2135 Non
270 2077 358 2135 estis
387 2074 427 2133 de
450 2074 628 2150 Lydorum
655 2076 717 2132 aut
739 2073 918 2150 Mysorum
946 2076 1008 2133 aut
1031 2075 1118 2152 Fry-

103 2184 195 2242 gum,
237 2167 298 2240 qui
338 2164 404 2222 huc
442 2164 606 2238 corrupti
648 2164 897 2238 concitatique
929 2168 1117 2238 venerunt,

103 2255 156 2312 set
180 2253 219 2311 de
242 2256 364 2313 vestra
386 2272 423 2311 re
446 2272 474 2328 p.
498 2252 708 2312 iudicaturi.

168 2341 250 2400 Haeo
282 2343 383 2401 omnia
415 2343 563 2419 congessit
589 2360 632 2400 -eo
659 2340 777 2415 studio,
815 2358 872 2415 quo
905 2343 936 2399 et
966 2341 1034 2401 illos
1067 2341 1115 2400 de·

102 2433 241 2505 strueret,
275 2433 327 2506 qui
349 2430 528 2490 accusabant
550 2430 702 2504 Flaccum,
732 2432 763 2488 et
790 2447 906 2488 omnem
929 2429 1117 2507 diligentiam

60 2537 86 2577 aa
101 2518 233 2577 iudicum
255 2519 294 2578 ad
316 2521 480 2578 utilitatem
502 2521 547 2578 rei
569 2541 597 2596 p.
616 2519 755 2577 flecteret.
791 2518 876 2581 Nam,
893 2537 952 2593 quo
970 2520 1065 2597 magis
1084 2521 1116 2578 in

101 2609 224 2683 planum
256 2608 483 2682 deducerentur,
516 2610 568 2683 qui
594 2606 786 2681 accusabant,
818 2625 878 2665 non
909 2607 986 2664 dixit
1011 2607 1116 2666 Asiam

100 2698 294 2772 provinciam,
313 2697 365 2756 sed
379 2696 495 2755 diduxit
508 2699 540 2755 in
554 2699 665 2772 species
684 2698 841 2755 nationum
858 2693 1062 2770 barbararum,
1081 2698 1116 2754 ut

100 2785 199 2859 Lydos
223 2789 253 2843 et
270 2785 370 2861 Mysos
394 2788 425 2844 et
441 2785 556 2863 Fryges
580 2784 702 2843 diceret:
727 2787 757 2842 et
774 2783 920 2842 vocabula
939 2785 1005 2857 ipsa
1024 2802 1115 2858 quen-

99 2875 170 2931 dam
192 2875 337 2948 impotum
353 2872 510 2931 barbariae
527 2873 699 2939 ferocientis.
721 2873 880 2930 ostentant.
916 2870 978 2929 Nec
999 2871 1115 2931 suffecit

58 2979 86 3021 ao
99 2963 156 3020 hoo
183 2961 271 3020 modo
299 2962 509 3020 auctoritatem
541 2961 748 3035 destruoxisse3
780 2958 889 3017 adiecit
904 3006 906 3010 .
920 2960 1011 3017 etiam
1038 2960 1115 3020 illud

169 3102 183 3149 2
211 3095 366 3164 uaeram-
393 3087 488 3176 aappl.'
505 3111 549 3149 mo
657 3099 672 3147 6
700 3092 906 3147 adiunctionem
935 3094 1015 3158 Ome,
1042 3109 1111 3149 corr.

102 3169 167 3221 Mai
253 3172 268 3220 9
295 3173 356 3236 post
378 3165 547 3235 sapientiam
570 3166 634 3220 add.
653 3164 860 3234 providentiam
882 3164 957 3218 codd.
979 3164 1033 3218 Cio.

101 3244 133 3291 11
154 3240 203 3293 loo.
218 3240 369 3307 4-l-3cm.
380 3265 414 3283 =
430 3243 465 3292 16
479 3239 529 3293 litt.
549 3238 745 3304 (υναθροιεμόε
762 3238 804 3290 ool
821 3235 1003 3290 ἀναδίπλωειε
1020 3237 1111 3305 suppl.

99 3311 141 3380 Zp
160 3312 231 3364 κατὰ
249 3311 465 3377 ωναθροιεμόνῖ
555 3313 588 3360 12
607 3307 742 3362 facereO
813 3312 845 3360 13
868 3305 1000 3376 praemiis
1021 3307 1044 3360 0

101 3386 134 3433 14
154 3382 203 3434 loo.
222 3384 241 3434 2
260 3381 308 3436 lia.
323 3407 357 3427 =
371 3384 408 3449 36
427 3382 477 3436 litt.
496 3381 642 3449 rocroort
661 3381 800 3446 παθητική
820 3377 858 3432 εἰ(
876 3379 1003 3432 δικαετάε
1021 3378 1112 3447 suppl.

99 3451 141 3521 Zp
205 3456 238 3504 16
266 3452 461 3520 operanturO
530 3456 562 3504 1⁷
581 3465 684 3520 aegrae
704 3449 743 3520 0?
768 3490 770 3494 »
796 3453 830 3503 20
850 3449 1041 3504 ΜΥΒὸΟΒΙΓ

99 3528 132 3575 21
154 3521 291 3590 compulsi
309 3523 385 3577 codd.
402 3522 455 3578 (lic.
529 3521 733 3576 arboreorum
753 3520 777 3574 0

156 3620 249 3661 scaeua
262 3620 387 3662 sotiensis
401 3621 436 3660 aa.
450 3620 613 3661 nuaeorena.
948 3609 971 3653 ‘t
