2460 3816
140 155 204 220 150
421 153 492 208 PRO
515 152 670 208 PLANCIO
694 159 709 220 §
729 159 859 208 99-102.

204 323 497 383 Thessalonicam
538 341 590 382 me
633 324 672 382 in
712 324 1028 399 quaestoriumque
1068 341 1149 398 per·

138 412 247 470 duxit.

202 509 376 585 Hospitium
416 511 582 584 quaestoris
622 509 791 588 significans
832 509 951 586 proprie
987 508 1149 567 secundum

137 597 314 656 vocabulum
349 599 543 675 magistratus
584 600 676 657 etiam
711 599 777 656 loco
812 599 872 672 ipsi
912 616 1020 656 nomen
1056 596 1147 656 dedit.

136 687 223 746 Nunc
246 689 346 746 autem
444 689 552 761 omnia,
574 688 607 745 in
630 686 736 762 quibus
759 688 860 746 variae
883 686 1039 764 dignitatis
1063 705 1177 761 prae-e

137 776 213 836 sides
236 775 381 849 habitent,
403 777 589 851 praetoria
612 777 813 834 nominantur.

32 878 116 939 5101.
204 872 387 949 Siquidem
410 891 473 951 ego
496 873 567 931 tibi
589 874 693 933 vivus
715 892 784 932 non
806 891 963 949 prosum,
991 874 1053 948 qui
1075 872 1148 930 for-

40 1000 44 1007 ·
135 964 232 1022 tasse
255 965 415 1021 mortuus
437 962 662 1038 profuissem.
1066 983 1068 988 ·

202 1059 380 1119 Lacrimosis
419 1059 608 1119 lemmatibus
644 1061 705 1117 iam
737 1061 858 1137 perorat
890 1059 1022 1118 adfectus
1055 1060 1150 1118 animi

136 1151 183 1208 sui
214 1169 282 1208 oum
312 1150 398 1208 varia
428 1150 618 1208 miseratione
648 1167 800 1223 promens,
831 1150 866 1206 ut
892 1149 1011 1206 tantum
1043 1149 1149 1206 auxilii
1164 1169 1191 1208 10

135 1256 202 1297 reus
225 1237 511 1313 habeat‚.quantum
533 1256 586 1297 suo
610 1236 707 1296 dolori
728 1240 872 1312 patronus
896 1237 1045 1296 adiecerit.

31 1339 116 1400 §1⁰2-
203 1334 363 1393 Salutem
403 1335 473 1393 tibi
508 1334 601 1393 idem
637 1334 721 1393 dare
757 1336 921 1410 possunt,
962 1335 1024 1410 qui
1059 1334 1149 1392 mihi

135 1424 383 1482 reddiderunt.

201 1521 298 1580 Nimis
327 1538 445 1581 ...um
488 1521 537 1579 Ad
558 1520 772 1597 permovendos
799 1521 910 1579 iudices
938 1521 1149 1595 procliviorem

41 1621 60 1628 ’·
135 1610 209 1669 facit
234 1611 405 1686 inpetrandi
432 1610 610 1693 facilitatem
636 1610 818 1669 constituens
845 1611 878 1666 in
905 1628 1008 1668 eorum
1034 1609 1148 1668 miseri·
1165 1630 1191 1670 rs

135 1699 236 1757 cordia
280 1698 500 1758 firmamentum
550 1700 655 1758 salutm
702 1697 753 1757 Gn.
794 1697 926 1771 Plancii,
975 1717 1029 1773 per
1074 1716 1148 1773 quos

135 1789 198 1863 ipse
230 1789 271 1846 sit
301 1788 431 1846 reditum
462 1789 643 1847 consecutis.
702 1787 751 1845 Ita
787 1788 938 1864 eleganter
970 1789 1000 1844 et
1030 1805 1084 1861 pro
1118 1805 1149 1845 se

135 1878 247 1954 gratias
289 1878 353 1954 agit
393 1879 424 1935 et
463 1877 532 1936 huic
571 1895 658 1952 pares
698 1876 894 1934 humanitatis
935 1877 1057 1934 eventus
1100 1874 1149 1933 de·

134 1967 280 2041 precatur.

201 2063 335 2120 Mecum
366 2081 427 2121 vos
455 2063 562 2121 simul
589 2063 646 2121 hio
673 2064 894 2121 miserrimus
923 2064 958 2120 et
991 2063 1147 2136 optimus
1160 2053 1191 2122 'ao

136 2151 340 2210 obtestatur
375 2170 504 2226 parens
542 2153 576 2209 et
607 2170 670 2225 pro
702 2170 770 2209 uno
804 2151 887 2209 filio
920 2151 987 2209 duo
1024 2152 1147 2225 patres

135 2240 373 2315 deprecamur.

242 2384 248 2396 .
283 2383 288 2393 .
334 2336 428 2396 valde.
486 2335 638 2412 copulatis
680 2338 830 2413 utrimque
870 2339 1003 2412 personis
1045 2339 1075 2395 et
1115 2338 1148 2395 in

134 2426 220 2500 patre
256 2427 319 2484 sine
355 2425 444 2484 dubio
481 2426 644 2500 plurimum
680 2428 836 2485 constituit
876 2427 1076 2486 miserationis
1118 2427 1148 2484 et

135 2513 192 2572 sibi
228 2513 351 2571 eandem
387 2516 449 2572 vim
481 2514 690 2573 sollicitudinis
726 2515 903 2590 vindicavit,
945 2517 1031 2590 quasi
1066 2516 1146 2572 uter·
1161 2533 1188 2572 ‘rs

135 2622 192 2678 que
229 2599 279 2662 (ln.
308 2601 429 2661 Plancio
465 2604 552 2679 pater
583 2604 636 2677 su,
676 2604 751 2662 alter
782 2606 903 2678 natura,
940 2604 1016 2662 alter
1048 2602 1147 2662 officio

135 2693 291 2769 gratiosus.

202 2965 217 3011 5
247 2960 296 3013 lac.
315 2964 332 3013 4
350 2975 398 3013 cru.
419 2984 452 3004 =
471 2962 490 3011 8
509 2960 560 3013 liu.
580 2959 641 3013 καθ’
660 2962 745 3014 tlon?
823 2959 1037 3014 eleema'slss·
1084 2967 1149 3029 post

135 3032 248 3098 perorat
264 3032 385 3099 spatium
402 3029 453 3100 4¹),
474 3047 522 3083 om.
538 3056 571 3074 =
592 3033 626 3083 12
646 3032 696 3085 liu.
715 3048 831 3085 uacuum
849 3035 888 3085 est
963 3034 997 3083 10
1016 3029 1148 3099 proluens

137 3103 200 3156 Orno
226 3100 390 3170 provolvens
419 3101 485 3154 Mat
511 3116 640 3168 promens
669 3102 788 3171 Madvig
877 3107 911 3155 14
936 3100 1019 3154 nimis
1046 3101 1097 3154 hos
1127 3103 1151 3157 0

136 3172 253 3225 eximius
272 3171 349 3225 locus
368 3187 410 3224 mo
428 3187 554 3240 praecum
567 3173 676 3226 certum
689 3173 732 3226 hio
747 3175 828 3227 latere
842 3175 899 3226 iam
915 3173 953 3227 Or
970 3173 1041 3227 uidit
1057 3177 1148 3240 παθη-

134 3249 235 3298 τικῶεῖ
321 3245 354 3294 18
383 3241 567 3309 depraecetur
591 3242 614 3297 O
696 3248 731 3296 20
758 3258 923 3311 mecumque
950 3243 1026 3298 codd.
1047 3244 1101 3298 Oia.

136 3316 188 3383 lapi
218 3315 242 3367 tl
327 3312 363 3382 ΙΜ
453 3313 725 3368 evaldusevovvl
752 3313 858 3385 .....Ι
878 3315 1064 3370 vesvavuu
1091 3331 1146 3384 sqq.

136 3387 186 3440 lac.
198 3386 304 3452 pumac
319 3385 367 3437 liu.
381 3400 429 3436 uu.
445 3384 505 3450 litt,
519 3385 651 3439 secuudoe
666 3390 681 3438 1
695 3401 744 3439 era.
755 3411 788 3429 =
802 3388 821 3438 2
836 3387 903 3452 litt.;
920 3389 997 3439 2em.
1008 3411 1042 3430 =
1052 3389 1069 3439 3
1079 3387 1149 3452 liu,-

135 3455 229 3510 artior
247 3459 263 3508 1
282 3471 330 3509 cru.
346 3480 379 3499 =
398 3457 417 3508 2
436 3455 486 3509 litt.
560 3461 593 3509 23
615 3456 1148 3525 lac.2÷1cu=6ziu.uooqu-

128 3526 251 3596 1«chst
267 3529 384 3581 ὸεινῶῑΐ
