2460 3816
128 162 192 227 164
493 159 565 214 Pro
588 160 726 215 lacum

29 340 107 402 624.
195 328 307 401 Quid?
329 331 452 389 noster
475 331 533 388 hic
555 329 712 407 Magnus.

193 419 238 477 De
263 418 314 479 (ln.
333 419 474 493 Pompeio
498 418 558 477 dici
585 421 630 477 est
656 419 857 478 manifestum.
903 420 944 478 ut
969 421 1146 495 opportune,

126 511 269 586 quoniam
300 527 391 584 supra
422 509 602 566 mentionem
633 508 745 567 fecerat
776 508 945 568 Macedonis
972 508 1146 584 Alexandri,

126 598 174 658 cui
205 598 261 657 hoe
292 597 371 657 idem
403 597 632 673 cognomentum
662 597 735 671 fuit,
767 596 804 657 de
835 597 977 672 Pompeio
1011 597 1145 658 dicturus

129 687 240 746 adiecit
261 688 307 745 bic
328 689 394 744 cest
426 729 432 743 .
1175 705 1187 746 5

29 784 109 844 626.
196 776 426 853 Epigramma
466 775 500 830 in
544 793 620 831 eum
660 774 821 848 fecisset,
862 776 1004 833 tantum
1044 774 1145 833 modo

129 865 283 924 alternis
307 862 480 922 versibus.

193 953 241 1011 Ab
265 952 398 1028 exemplo
421 950 589 1024 iudicando,
613 969 673 1010 non
692 951 755 1010 sine
773 950 943 1011 differentia
959 953 1061 1010 tamen
1079 971 1145 1027 per·

126 1060 268 1102 sonarum
299 1042 372 1100 haec
404 1041 625 1116 argumentatio
657 1040 801 1115 impletur
827 1040 860 1099 L.
885 1039 1001 1116 Syllam
1026 1042 1146 1115 praeter

128 1132 239 1190 ceteros
257 1130 385 1190 Archiae
405 1129 545 1187 daturum
564 1129 717 1186 civitatem
735 1130 900 1188 Romanam
920 1130 1021 1204 fuisse,
1039 1131 1146 1204 poetae
1161 1150 1188 1190 ιο

126 1219 325 1293 nobilissimo,
371 1217 423 1293 qui
464 1219 556 1275 etiam
596 1217 691 1276 melos
731 1218 889 1293 plerosque
930 1219 1148 1278 existimaverit

127 1308 325 1369 honorandos.
359 1307 531 1365 Alternos
554 1307 648 1383 igitur
666 1325 767 1366 versus
787 1307 860 1365 dicit
879 1307 1024 1384 elegiacos
1042 1309 1147 1368 metris

128 1398 242 1456 scilicet
260 1394 502 1456 dissentientibus
517 1397 623 1454 varios.
656 1395 773 1455 Primus
788 1399 889 1454 autem
902 1396 1021 1454 videtur
1035 1396 1147 1472 elegia-

128 1505 197 1545 cum
216 1504 334 1544 carmen
348 1484 499 1544 scribsisse
514 1482 653 1542 Callinos.
686 1484 789 1542 Adicit
801 1484 978 1545 Aristoteles
991 1486 1147 1560 praeterea

127 1575 184 1635 hoc
211 1594 302 1652 genus
329 1575 433 1650 poetas
461 1572 675 1631 Antimachum
702 1572 903 1648 Golofonium,
933 1572 1147 1634 Archilochum
1161 1592 1188 1634 rs

127 1664 259 1736 Parium,
281 1663 491 1721 Mimnermum
511 1661 708 1735 Golofonium‚
731 1680 857 1736 quorum
880 1680 1002 1723 numero
1026 1661 1147 1722 additur

129 1754 218 1811 ctiam
245 1751 344 1826 Solon,
366 1751 596 1810 Atheniensium
618 1752 719 1828 legum
742 1749 868 1810 scribtor
890 1751 1101 1810 nobilissimus

195 1841 245 1899 Ex
277 1842 333 1900 his
365 1840 484 1914 rebus,
522 1856 608 1914 quas
640 1839 831 1913 vendebat,
867 1840 977 1900 iussit
1009 1841 1039 1898 ci
1071 1842 1147 1898 tum

128 1931 285 2006 pretium
332 1928 460 2004 tribui,
508 1928 568 1987 sed
616 1946 655 1987 ea
703 1928 926 2002 condicione,
975 1948 1016 1988 ne
1060 1927 1147 2004 quid

122 2021 255 2095 -postea
278 2018 462 2078 scriberet.
1161 2037 1189 2078 so

195 2109 264 2166 Non
286 2108 387 2183 potuit
406 2098 570 2182 expressius
589 2107 665 2163 vitia
683 2108 790 2180 po‘e’tae
808 2105 966 2181 declarare,
991 2124 1082 2182 quam
1100 2105 1147 2164 di-

129 2195 221 2255 cendo
236 2197 340 2254 datum
354 2197 402 2253 illi
415 2212 474 2253 non
484 2196 650 2270 praemium
663 2195 771 2269 laudis,
785 2194 836 2253 scd
849 2196 1015 2255 mercedem
1024 2196 1147 2254 silentii

43 2296 119 2357 626.
198 2286 316 2343 Etiam
340 2283 524 2343 Cordubae
547 2284 644 2343 natis
670 2286 789 2359 poecis
816 2286 948 2362 pingue
978 2283 1148 2360 quiddam

131 2373 354 2433 sonantibus.

26 2536 28 2541 A
197 2462 241 2520 De
265 2463 419 2522 versiculis
447 2479 501 2519 neo
524 2462 643 2538 egregio
667 2461 749 2519 cultu
777 2480 830 2520 nec
854 2479 978 2521 amoena
999 2463 1189 2522 varietatene

131 2569 185 2609 nec
208 2550 405 2610 eminentibus
428 2550 531 2627 figuris
555 2568 673 2608 carmen
696 2551 883 2609 instructum.

44 2650 121 2711 627.
198 2633 365 2700 Decimus
391 2639 533 2714 quidem
556 2639 697 2697 Brutus.

196 2728 255 2788 Hic
290 2730 402 2789 Brutus
439 2727 595 2787 Gallaecus
631 2729 691 2786 fuit
727 2731 922 2805 cognomento
960 2728 996 2788 ob
1032 2747 1078 2787 res
1115 2730 1149 2790 in

129 2817 277 2894 Hispania
304 2838 364 2878 non
390 2821 489 2877 minus
512 2819 630 2877 strenue
653 2834 744 2892 quam
771 2818 899 2876 feliciter
921 2819 1037 2894 gestas:
1074 2817 1148 2878 llius

198 2958 232 3006 14
249 2952 366 3007 Aristot.
386 2954 429 3007 cd.
448 2951 567 3006 Beklrer.
586 2950 639 3004 vol.
658 2950 684 3004 V
702 2950 735 3004 fr.
754 2956 804 3004 626
824 2970 851 3020 p.
868 2956 936 3004 1684
945 2969 969 3005 a.

198 3029 231 3077 29
240 3040 295 3093 sqq.
310 3023 382 3078 Vell.
401 3023 428 3076 H
447 3030 470 3076 6.
503 3022 561 3075 Liv.
576 3039 634 3090 per.
649 3021 718 3075 LVI.
747 3021 824 3076 Oros.
840 3022 904 3090 Vs,
920 3027 953 3077 12
968 3021 1148 3092 (anicien.

198 3145 455 3216 lopportunan
526 3147 846 3214 AcognomentuumO
915 3153 931 3201 8
958 3147 1149 3201 adiudicando

133 3219 196 3273 Orno
215 3217 381 3273 adducendo
400 3216 438 3271 Or
516 3222 548 3269 12
573 3216 678 3274 diciO
749 3223 783 3271 14
807 3217 857 3271 alii
880 3220 979 3275 nosO
1056 3224 1089 3272 18
1113 3217 1149 3272 iis

131 3289 208 3344 codd.
225 3290 280 3345 (lic.
334 3291 395 3342 tum
414 3293 477 3342 acte
496 3287 637 3342 vendebat
646 3296 758 3357 peccat
775 3289 918 3345 reducto.
959 3290 1057 3344 iubere
1071 3291 1149 3345 codd.

133 3361 187 3416 ca.
260 3365 292 3412 19
316 3357 456 3429 praetium
476 3359 498 3414 0
519 3360 641 3428 pretium
663 3377 707 3414 mo
729 3360 886 3429 praemium
909 3363 985 3416 codd.
1006 3361 1060 3415 Cic.

132 3437 165 3485 23
185 3431 363 3500 pinguemC
432 3435 466 3484 26
486 3431 521 3483 de
541 3431 605 3485 Omo
622 3430 653 3484 id
672 3433 716 3485 eet
733 3432 765 3486 St
836 3437 870 3486 26
890 3434 1028 3486 structum
1046 3433 1078 3488 St

117 3541 159 3585 28
173 3540 327 3604 eogmcnto
347 3538 377 3594 θ
450 3542 485 3592 29
506 3503 758 3596 eeswudelus
