2460 3816
145 162 167 225 4
444 159 483 214 ΙΝ
506 158 535 214 G.
549 159 702 214 VERREM
724 159 846 216 10111

58 336 73 396 ς
94 334 135 383 53.
213 329 394 388 Plaustris
418 330 543 388 avecta
567 330 827 405 exportataque
850 347 933 388 esse.

210 417 487 477 Animadvertamus
526 418 682 493 plerasque
715 418 794 494 apud
820 416 858 476 M.
883 416 1014 476 Tullium
1043 436 1150 493 conpo-

145 508 265 567 sitiones
293 525 353 564 non
379 506 528 580 lascivire,
558 506 609 566 sed
636 506 674 565 ad
697 505 825 584 rigorem
852 506 1011 566 vetustatis
1038 507 1149 567 inferri.

145 595 230 665 Quod
261 596 360 654 autem
390 596 540 670 pertineat
576 594 614 654 ad
645 588 788 654 virtutem
823 596 917 670 partis
953 596 1056 669 huius,
1092 615 1151 654 non

144 685 249 743 intulit
266 684 443 742 nominatim
456 684 550 760 signa,
568 685 643 759 quot
661 683 819 743 abstulisse
832 682 971 760 Aspendo
985 683 1150 759 videbatur,
1179 704 1191 744 s

145 772 196 832 sed
225 792 291 832 oum
318 773 496 849 generaliter
523 772 645 832 dixisset
669 774 806 846 plostris,
838 774 882 831 ait
908 777 1056 846 exportato
1084 790 1151 842 esse,

145 864 179 921 ut
211 862 246 921 de
274 861 419 936 qualitate
445 861 647 920 vehiculorum
675 862 831 937 appareret
857 861 1018 920 multitudo
1050 881 1151 922 eorum

146 970 221 1026 quae
243 951 364 1025 plostris
388 952 492 1010 avecta
514 951 582 1009 sint.

211 1047 430 1122 Aspendium
452 1048 689 1106 citharistam.

113 1138 115 1142 ”
213 1136 410 1196 Simulacrum
432 1136 509 1195 dicit
531 1137 620 1196 huius
643 1136 814 1196 citharistae
843 1136 997 1196 abstulisse
1020 1136 1192 1197 Verrem.1o

145 1225 248 1285 Fuisse
267 1227 366 1284 autem
384 1225 479 1284 fertur
496 1226 598 1284 tantae
617 1224 802 1299 subtilitatis,
819 1228 854 1283 ut
871 1245 930 1284 non
949 1227 1048 1284 exerta
1061 1245 1151 1284 manu

145 1332 250 1373 nervos
278 1315 409 1373 citharae
431 1314 599 1389 inpelleret,
626 1314 678 1374 sed
703 1332 847 1389 perquam
869 1314 992 1373 occultis
1014 1313 1151 1388 motibus

147 1423 181 1463 ae
199 1404 356 1479 propterea
373 1402 599 1478 proverbialiter
616 1401 712 1462 dictus
731 1405 776 1462 est
793 1397 838 1460 ‘in
857 1422 887 1462 se
906 1397 1023 1462 canere'
1038 1403 1151 1462 solitus.

147 1491 301 1568 Simulque
337 1493 437 1550 orator
472 1487 658 1565 χαριέντως,
699 1496 732 1550 ut
771 1492 854 1550 illum
895 1494 1005 1565 uscue,
1045 1493 1152 1566 inquit,

131 1582 271 1652 01111110
293 1597 445 1654 superasse
467 1581 600 1640 oueuu
627 1580 810 1641 callidiorem
831 1580 970 1640 videlicet
997 1580 1152 1640 ostendens
1167 1599 1192 1640 15

146 1668 223 1727 hunc
245 1670 278 1726 in
300 1668 425 1728 furando
449 1688 538 1744 quam
560 1670 647 1728 illum
669 1671 700 1727 in
723 1668 883 1746 psallendo.

61 1771 76 1830 ἓ
96 1769 136 1818 54.
154 1790 155 1794 ¹
214 1764 321 1840 Quae,
344 1766 486 1841 malum,
510 1769 564 1826 est
585 1768 658 1826 ista
681 1767 831 1826 audacia
850 1771 956 1842 atque
976 1763 1152 1825 amentia?

213 1847 261 1914 Ne
284 1855 457 1933 infrigescat
474 1858 602 1932 impetus
621 1857 826 1929 accusationis,
848 1858 1007 1931 postquam
1024 1854 1154 1915 breviter

147 1945 243 2003 multa
274 1946 442 2019 proposuit,
474 1945 566 2004 adicit
591 1945 671 2004 locos
693 1944 879 2003 vehementes
912 1944 950 2002 ad
978 1945 1153 2022 augendum,

148 2035 182 2090 ut
200 2033 296 2106 iudex,
314 2035 473 2108 postquam
487 2034 633 2106 didicerit,
651 2033 862 2107 inflammatum
881 2036 1060 2112 congregata
1075 2034 1193 2093 enimse

149 2120 256 2180 debent
278 2139 340 2180 esse
362 2121 435 2180 haec
456 2121 554 2182 officia
572 2122 697 2181 dicentis
715 2124 746 2181 et
763 2123 889 2180 maxime
908 2124 940 2179 in
959 2122 1153 2181 accusationi·

148 2209 216 2283 bus,
239 2212 273 2268 ut
295 2207 495 2288 indignationi
518 2211 599 2270 calor
621 2210 792 2270 subiciatur.

215 2307 335 2382 Neque
358 2309 394 2365 in
418 2307 621 2367 suburbana
644 2310 844 2368 amicorum.

111 2391 114 2399 ’
214 2395 407 2454 Hortensium
433 2398 590 2471 praecipue
617 2397 735 2456 videtur
762 2396 941 2474 significare,
973 2397 1025 2471 qui
1053 2397 1154 2455 huius·

149 2484 230 2543 modi
261 2486 354 2560 signis
388 2487 417 2542 et
448 2483 558 2544 tabulis
594 2487 682 2561 pictis
719 2485 908 2544 familiariter
944 2484 1152 2545 delectabatur.
1168 2504 1193 2544 ae

149 2573 185 2631 ld
215 2572 401 2632 manifestius
434 2574 465 2630 in
495 2573 654 2633 Hortensio
687 2574 816 2633 ostendit
847 2574 980 2653 dialogo:
1018 2572 1092 2633 Ouua
1122 2575 1155 2632 tu

149 2663 221 2722 oilla
260 2662 381 2721 Luculli
417 2663 544 2721 *bellum
585 2667 655 2722 esset
694 2665 772 2723 ouuu'
810 2668 958 2736 apparatu
997 2663 1155 2722 venustatis

150 2755 292 2810 eructum.

150 2907 361 2916 ——--—---

218 2997 231 3044 1
243 2993 339 3045 evecta
348 2992 423 3047 codd.
432 2993 485 3047 Cic.
522 2998 537 3044 2
548 2992 783 3046 animauertamus
794 2992 818 3046 0
851 2992 952 3083 tuquod
963 2991 1067 3057 00011.
1080 2990 1121 3044 Gr

152 3103 329 3172 tplostriO
399 3111 430 3159 12
461 3106 595 3174 inpellere
616 3109 650 3174 0,
673 3123 775 3161 corso
819 3074 975 3170 1111111110
1041 3109 1074 3158 13
1093 3121 1156 3173 pro-

151 3174 245 3228 verbio
273 3175 356 3229 aliter
384 3176 417 3242 0,
448 3193 514 3232 corr.
542 3178 566 3231 Ι.
590 3179 626 3232 F.
652 3178 735 3232 Grou.
811 3178 887 3231 intus
915 3192 1014 3231 canere
1043 3175 1097 3230 Gra

153 3251 187 3298 14
214 3263 355 3312 χαριεντοε
376 3246 408 3312 0,
426 3264 493 3302 corr.
507 3248 674 3303 IRGrou.
745 3254 777 3302 15
799 3250 974 3318 superaret]
1043 3252 1074 3300 l‘l
1101 3247 1156 3300 ista

151 3317 232 3369 tanta
250 3316 324 3371 codd.
346 3317 399 3372 cu.
454 3319 621 3375 0111011120
698 3326 730 3373 21
759 3319 852 3374 officia
871 3319 990 3374 dicentis
1012 3335 1045 3373 eu
1064 3317 1156 3372 officia

153 3389 182 3440 et
204 3386 323 3441 dicentis
346 3390 457 3444 001110
532 3395 564 3442 21
589 3389 680 3444 velum
702 3392 762 3446 Juc.
784 3390 868 3446 Grou.
922 3408 985 3444 cum
1008 3390 1038 3443 in
1061 3388 1157 3443 villam

152 3457 262 3511 Luculli
284 3462 398 3513 ventum
424 3462 498 3514 esset
520 3462 596 3515 omni
616 3461 720 3531 (omnia
740 3462 773 3528 0,
796 3478 862 3517 corr.
882 3462 956 3516 [Γ.
974 3460 1069 3530 Grou.)
1092 3477 1115 3513 a.
1131 3478 1155 3513 v.

153 3531 280 3582 ornatam
301 3531 419 3602 Mudoip
