2460 3816
489 158 505 218 ξ
523 156 655 208 47-103.
925 112 929 117 ,
1033 149 1075 215 81

60 323 131 380 tone
163 321 236 379 haec
267 320 358 379 verba
389 319 580 398 distinguere.
636 317 751 396 Quippe
784 319 867 378 aliud
898 336 960 379 ease
996 337 1077 395 pro-

61 427 201 484 perare,
220 408 302 467 aliud
320 409 497 468 festinare
514 410 579 484 ipse
596 427 660 484 nos,
677 411 713 467 ut
731 407 873 483 dicebam,
888 406 962 468 Oato
976 407 1078 468 docuit

62 499 95 557 in
127 499 273 572 oratione,
305 516 381 574 quae
408 497 581 556 inscribitur
611 497 661 556 Da
688 499 825 556 virtute
857 514 920 556 sna
951 499 1078 556 contra

63 586 267 662 Thermnm3
302 587 364 646 eius
400 587 494 664 igitur
525 586 616 646 verba
651 603 804 662 ponamus.
857 583 915 654 Qui
945 587 989 644 sic
1021 586 1078 644 ait:

34 675 144 736 aNccn
162 675 245 734 uliud
262 678 304 735 eol
320 669 504 749 ‘properare’
521 675 605 734 aliud
622 669 804 747 Ὑεεέὶηανοέ
825 674 875 749 qui
897 675 1079 747 mmcccc-

64 781 118 836 qae
140 768 254 823 molare
276 765 419 839 bumiqit,
436 768 579 838 properat
600 772 651 823 .’..

384 851 515 926 (uacci
535 853 590 912 IV
603 851 758 927 ccciccc.)

131 937 231 1019 (Vos,
254 960 315 1001 vos
339 943 502 1019 appello,
525 936 737 1019 fortis>simi
760 942 840 1000 riri.
1097 945 1188 1007 §1⁰1-

128 1025 361 1091 Ἀναδίπλωειε.
425 1024 627 1105 Ἀποετροφὴ
669 1032 701 1088 in
737 1031 817 1105 ipsos
854 1031 1078 1089 circumstantes

24 1138 51 1180 ιο
66 1120 177 1178 milites
199 1120 281 1179 facta
299 1122 352 1193 est,
375 1121 418 1193 ut,
442 1121 494 1194 qui
511 1120 641 1179 maximo
659 1120 768 1178 terrori
786 1119 880 1192 erant,
902 1118 982 1177 idem
1000 1136 1079 1177 nunc

64 1209 97 1266 in
119 1209 252 1266 favorem
275 1208 395 1268 Milonis
422 1210 620 1283 provocentur
647 1209 780 1267 volentes
808 1225 870 1267 esse
897 1208 961 1266 sine
988 1207 1078 1267 dubio

65 1299 145 1356 iusta
168 1299 302 1372 praemia
324 1297 503 1356 fortitudini.

133 1384 225 1454 Quid
269 1386 490 1462 respondebo
531 1386 658 1445 liberis
699 1383 807 1445 meis?
870 1384 955 1460 quid
995 1384 1185 1459 cibamus.

67 1472 197 1542 Quinte
220 1474 356 1533 frater?

26 1581 53 1622 15
134 1557 271 1636 Αὔξηειε.
309 1561 567 1640 Opportunissime
589 1564 742 1622 fortunam
764 1563 885 1622 Milonis
907 1581 961 1637 per
982 1564 1080 1620 totam

66 1651 187 1710 domum
210 1671 294 1711 suam
317 1651 522 1728 familiamque
542 1653 748 1727 communicat,
771 1654 807 1710 ut
829 1652 1009 1729 congregata
1027 1669 1081 1726 per

65 1741 176 1800 multos
217 1743 370 1800 miseratio
410 1742 506 1819 magis
547 1743 734 1800 commoveat
769 1740 911 1799 adfectus.
973 1739 1081 1798 Frater
1158 1728 1162 1740 ’

67 1831 167 1888 autem
191 1828 340 1890 Ciceronis
364 1827 397 1897 Q.
416 1830 532 1888 Tullius
555 1830 705 1906 legatione
727 1832 799 1888 tune
827 1830 860 1887 in
883 1825 983 1887 Gallia
1006 1829 1080 1903 aput

67 1920 229 1977 exercitum
254 1917 387 1978 Caesaris
410 1917 598 1996 fungebatur.

25 2025 53 2066 ao
134 2005 225 2075 Quid
247 2027 299 2065 me
321 2007 485 2066 reducem
508 2025 583 2066 esse
606 2004 799 2066 voluistis?
1098 2009 1187 2072 §103-

208 2097 341 2154 Exilium
373 2095 522 2171 quoddam
553 2095 611 2155 sibi
641 2097 853 2173 praerogatum
880 2094 976 2154 videri
1005 2095 1080 2168 vult,

68 2203 135 2243 cum
166 2186 310 2263 relegatio
342 2185 462 2245 Milonis
493 2186 662 2259 immineat,
698 2203 717 2243 a
748 2203 807 2260 quo
839 2185 973 2260 separari
1004 2184 1081 2242 nihil

68 2273 151 2332 aliud
173 2274 230 2333 sibi
254 2293 344 2349 qnam
366 2292 493 2349 poenam
516 2275 701 2332 contestatur
723 2291 785 2332 essa
809 2274 984 2351 graviorem.

135 2361 280 2422 Utinam
321 2362 356 2421 di
396 2363 609 2422 inmortales
650 2363 824 2422 fecissent
865 2354 965 2442 (pace
1005 2363 1081 2435 tua,

27 2469 54 2511 ao
68 2452 205 2526 patria,
227 2443 406 2532 dixerim)l

220 2556 258 2598 ιν.
308 2541 537 2618 Elegantissime
569 2540 731 2602 declinavit
761 2540 907 2599 invidiam
939 2539 1081 2612 dicturus,

68 2630 103 2686 ut
130 2629 187 2687 sibi
214 2628 384 2703 videbatur,
411 2629 443 2688 id
475 2629 554 2704 quod
580 2632 658 2689 esset
684 2631 892 2705 inprosperum
918 2630 963 2686 rai
985 2647 1028 2703 p.:
1055 2629 1082 2686 si

69 2716 190 2777 Olodius
213 2719 335 2776 viveret.
381 2718 442 2776 Nec
465 2719 560 2796 magis
584 2719 696 2776 veritus
719 2719 765 2776 ast
791 2717 847 2776 hoc
870 2716 966 2775 dicere
990 2733 1082 2790 quam

68 2807 221 2881 prospexit
252 2806 328 2865 illud
359 2807 493 2864 futurum
524 2825 578 2880 pro
611 2806 737 2879 Milone,
767 2807 794 2863 si
824 2806 904 2863 inter
935 2805 1081 2863 artemas

136 2961 152 3010 ὁ
176 2955 290 3010 Catonis
309 2971 381 3023 quac
400 2956 498 3008 extant
516 2955 558 3009 ad.
577 2955 679 3009 Iordan
697 2973 724 3024 p.
739 2961 782 3008 44.

137 3100 283 3154 labbei
306 3097 420 3153 aliuco
489 3103 505 3151 6
528 3099 653 3150 maturae
673 3099 697 3153 O
767 3102 782 3150 9
806 3096 987 3152 dvoblulwcac
1005 3097 1047 3167 Zp

69 3172 160 3226 deN
241 3172 270 3224 a]
350 3171 438 3225 altera
456 3170 507 3224 lac.
531 3169 580 3239 1¹l4
601 3186 649 3223 cra.
672 3170 760 3223 altera
781 3167 811 3240 ³b
831 3169 950 3223 maaet
967 3193 1001 3212 =
1019 3172 1039 3221 2
1056 3174 1083 3222 et

68 3243 157 3297 alic.
175 3259 278 3297 errasse
300 3241 408 3296 videtur
430 3241 562 3295 taraciae
583 3240 723 3295 scribendo
747 3242 767 3292 Ν
786 3255 840 3308 pro
859 3240 891 3292 ΔΙ
965 3239 1082 3293 circum-

69 3315 197 3369 stantes]
266 3318 299 3367 20
317 3328 362 3365 me
375 3311 507 3366 reducam
519 3311 660 3367 codddic.
714 3310 909 3366 mercedemG
978 3315 1010 3363 21
1031 3311 1082 3365 lac.

70 3388 88 3438 3
101 3401 150 3438 cm.
161 3410 195 3429 =
209 3388 228 3438 8
241 3386 292 3440 litt.
307 3383 467 3452 suspecta?
513 3381 719 3451 quodammodo
735 3382 773 3437 Or
844 3386 878 3434 23
898 3380 971 3434 aliut
989 3381 1013 3436 0

71 3460 105 3508 26
129 3457 179 3509 lac.
197 3472 245 3509 tm.
265 3457 313 3510 lin.
333 3456 366 3524 ἦ·
385 3454 435 3525 31],
456 3471 504 3510 mn.
519 3480 553 3500 =
571 3457 608 3508 27
627 3455 678 3509 litt.
697 3472 723 3508 ιν
748 3454 789 3524 Zg
811 3453 844 3505 in
866 3453 889 3506 G
914 3455 1025 3504 baustum
1041 3454 1097 3497 k*-

70 3528 195 3594 φώνηειε
218 3527 277 3580 κατ’
297 3529 453 3582 ἐπένθεεινῗ
535 3530 569 3580 Ml
592 3523 705 3581 'illuto

120 3623 213 3665 Scholia
225 3625 353 3668 Boblenala
366 3627 403 3670 ed.
418 3627 594 3670 Hssdebrandt.
922 3640 926 3645 ’
1010 3595 1034 3637 ᾖ
