2460 3816
134 149 197 214 132
512 146 584 202 PRO
606 146 762 203 PLANCIO

132 336 191 378 non
215 318 307 376 otiose
329 315 506 376 testificatus
530 318 583 390 est,
606 316 658 375 sed
676 334 734 391 quo
753 317 849 394 magis
867 315 1006 374 Plancius
1026 334 1143 375 ornare·

131 410 193 480 tur,
227 425 315 481 quem
346 405 537 464 familiariter
564 406 616 463 ille
644 404 789 463 dilexerit.
835 405 875 464 Et
903 406 1044 481 quoniam
1072 405 1143 463 Tor-

132 497 240 571 quatus
267 494 346 552 idem
373 512 511 570 praesens
538 513 598 553 non
625 496 702 568 erat,
733 495 766 552 in
798 495 861 553 eius
887 495 1053 569 patruelem
1075 512 1144 552 con-

132 583 284 642 ferendam
310 584 430 659 putavit
451 585 548 642 vicem
573 584 751 656 testimonii,
781 586 816 640 ut
842 583 963 658 perinde
985 581 1145 642 haberetur

132 675 221 749 atque
245 674 271 731 si
294 672 409 731 adesset
431 674 466 746 is,
490 673 573 731 cuius
596 672 727 732 validior
749 673 825 730 esset
849 672 1019 730 auotoritas.
1173 692 1184 731 s

197 761 282 819 Fuit
304 763 341 818 in
365 758 469 819 Creta
491 763 617 837 postea
646 759 1144 834 contubernalisSaturnini,

131 851 330 926 propinqui
353 851 421 923 sui,
444 851 547 908 miles
570 850 676 908 huius
700 848 732 918 Q.
750 848 899 908 Metelli.

199 937 370 997 Gratiosum
399 939 491 997 fuisse
517 939 614 998 videri
645 940 777 1014 poterat,
809 940 835 997 si
863 939 1050 997 adseveraret
1077 957 1145 996 eum

132 1026 307 1101 Saturnino,
330 1029 497 1103 propinquo
525 1046 587 1100 suo,
617 1028 777 1103 placuisse:
809 1028 917 1085 maluit
940 1028 978 1085 ad
1000 1028 1145 1085 iudicium

132 1114 164 1184 Q.
184 1116 298 1175 Metelli
329 1117 499 1193 confugere,
531 1119 566 1174 ut
596 1135 665 1175 vere
697 1118 823 1194 cognitis
851 1115 1013 1175 virtutibus
1040 1115 1145 1174 Planci
1159 1136 1185 1175 1o

131 1206 347 1264 existimaverit
392 1205 609 1263 adulescentem
649 1225 703 1281 per
743 1207 843 1264 omnia
884 1206 1142 1280 spectatissimum.

133 1293 289 1371 Significat
316 1295 416 1351 autem
439 1292 471 1361 Q.
490 1293 657 1368 Metellum,
680 1295 733 1368 qui
757 1293 888 1352 Creticus
917 1295 1143 1371 cognominatus

132 1384 177 1441 est
193 1382 272 1441 bello
292 1384 365 1456 aput
385 1376 503 1441 Cretam
521 1384 649 1441 feliciter
667 1385 757 1461 gesto.
796 1379 904 1440 Omnia
921 1383 994 1440 haec
1012 1385 1081 1442 sunt

35 1475 111 1535 §28-
200 1472 252 1528 Tr.
276 1472 321 1546 pl.
344 1472 416 1529 fuit
442 1491 511 1530 non
538 1473 695 1530 fortasse
722 1474 795 1530 tam
821 1472 1007 1531 vehemens
1040 1490 1144 1547 quam

130 1562 210 1635 isti,
238 1579 325 1635 quos
352 1562 391 1618 tu
418 1562 495 1618 iure
518 1561 661 1634 laudas,
689 1560 750 1619 sed
772 1564 868 1619 certe
891 1561 993 1633 talis,
1019 1560 1144 1636 quales
1159 1579 1184 1620 15

132 1651 163 1708 si
190 1667 307 1707 omnes
336 1650 671 1723 semper-fuissent,
698 1669 887 1725 numquam
915 1648 1144 1708 desideratus

131 1739 318 1797 vehemens
342 1741 436 1796 esset
458 1738 634 1796 tribunus.

197 1826 283 1884 Nihil
310 1829 411 1904 egerat
437 1828 470 1885 in
499 1827 654 1886 tribunatu
682 1846 734 1886 suo
762 1826 902 1885 Plancius
930 1828 1032 1902 aliqua
1058 1845 1144 1901 prae·

131 1917 225 1974 stanti
247 1916 335 1974 laude
359 1916 575 1993 dignissimum,
599 1918 672 1992 quin
690 1918 780 1975 imm0
805 1919 896 1975 etiam
913 1914 1071 1975 videbatur
1087 1916 1144 1973 hac

131 2006 279 2080 potestate
307 2005 426 2080 segnius
454 2005 582 2064 functus.
628 2004 775 2073 Quoniam
798 2007 896 2065 nullas
924 2023 993 2083 ergo
1016 2005 1143 2063 virtutes
1159 2023 1186 2064 sc

132 2095 380 2152 eminentissimas
408 2093 526 2166 habuit,
558 2113 632 2169 quas
662 2095 698 2152 de
727 2094 780 2153 illo
804 2095 1001 2169 praedicaret,
1033 2093 1144 2153 idcirco

10 2255 13 2263 Ι
133 2182 248 2257 aliquid
289 2183 317 2240 ei
356 2182 459 2241 volens
501 2183 655 2258 adquirere
697 2183 735 2241 ad
771 2185 970 2258 suspicionem
1005 2183 1145 2260 ignaviae

131 2270 332 2347 repellendam
353 2287 413 2328 aea
435 2274 495 2330 tom
513 2273 668 2340 veterascere,
691 2274 798 2347 inquit,
821 2273 955 2330 tribunus
977 2273 1035 2344 fult
1057 2287 1145 2343 quam

132 2362 235 2433 ceteri,
272 2362 302 2417 et
332 2360 478 2418 vivaciter
514 2362 672 2419 conclusit:
708 2363 808 2432 quales
844 2365 870 2421 sl
906 2378 1003 2420 umes
1034 2377 1145 2433 semper

131 2449 267 2521 fatescat,
293 2465 454 2520 ammaum
483 2450 662 2509 desideratus
684 2451 831 2509 celrcmeus
855 2453 925 2510 esset
951 2451 1085 2508 tribuatus
1112 2444 1145 2507 id
1159 2468 1185 2507 25

131 2537 233 2595 'volens
257 2536 401 2614 intellegi,
423 2558 477 2614 per
500 2532 655 2598 seditiosos
679 2541 709 2596 et
730 2539 1001 2598 turbulentissimos
1027 2583 1076 2596 ...

454 2643 584 2717 (Desunt
605 2646 659 2704 IV
672 2646 825 2720 papulae.)

36 2753 113 2812 531.
280 2751 336 2809 hoc
363 2752 476 2809 factum
503 2755 548 2810 est
655 2771 708 2810 nec
735 2753 887 2826 videlicet,
919 2753 998 2828 quod
1026 2752 1144 2827 saepius

132 2840 222 2898 iterat
244 2841 330 2899 valde
353 2842 468 2916 inpiam
491 2840 660 2900 Laterensis
686 2844 932 2917 propositionem,
965 2842 1018 2917 qui
1045 2840 1144 2900 candi-

132 2929 202 2986 dato
234 2930 302 3004 plus
333 2930 530 3004 inpedimenti
563 2950 597 2989 ex
628 2950 755 3006 persona
787 2933 882 3006 patris
906 2949 977 2989 esse
1009 2929 1145 2988 debuisse
1159 2949 1187 2988 so

133 3017 241 3075 dixerit
264 3037 353 3093 quam
376 3019 488 3078 favoris
511 3039 565 3093 pro
588 3020 731 3097 religione
759 3023 891 3078 naturae.
937 3018 1022 3087 Quod
1045 3021 1145 3076 autem

200 3168 355 3224 adiueritO
392 3168 491 3234 odell-
533 3169 1110 3243 sscorteu-<quoniamgratiommm

133 3245 148 3292 9
168 3238 270 3291 maluit
284 3238 423 3311 (itaque)
435 3240 557 3294 Wunder
625 3247 657 3294 13
677 3244 726 3296 loc.
738 3242 787 3313 31],
799 3260 847 3296 cm.
859 3244 921 3311 -Ι-2
935 3244 982 3297 lia.
994 3269 1027 3286 =
1043 3245 1078 3295 42
1093 3243 1143 3296 litt.

134 3310 314 3375 ἐνθυμήματα
325 3313 379 3365 ἀπὸ
389 3318 439 3365 τοῦ
450 3314 599 3378 προεώπου
614 3316 684 3368 κατὰ
694 3317 727 3368 τὸ
738 3314 881 3368 eversioni?
946 3318 978 3366 15
994 3314 1059 3366 sede
1071 3313 1095 3368 0

136 3385 167 3432 17
185 3383 373 3436 ueaemensO
442 3388 475 3435 25
495 3400 555 3437 esse
571 3385 691 3437 tribunis
707 3386 731 3440 0
795 3391 828 3438 26
847 3383 1094 3452 turbulentissillO

134 3451 529 3522 nelac.41l4cm.=11litr.
585 3457 634 3510 loc.
653 3461 671 3510 4
689 3473 736 3509 cm.
753 3457 786 3525 -{-
805 3474 852 3510 aa.
873 3458 920 3510 lira
936 3459 1021 3509 =25
1040 3457 1090 3509 litt.

125 3529 164 3572 99
180 3523 391 3581 candidatosO
459 3531 491 3579 31
511 3543 563 3597 pro
579 3527 657 3598 regio
673 3528 696 3582 0
710 3526 858 3597 privilegio
872 3543 923 3595 nro,
942 3542 1009 3581 corr.
1019 3527 1061 3595 Zp
