2460 3816
468 618 750 724 1111111111

173 914 271 980 (lodex
286 919 534 994 membranaceus,
553 922 585 978 in
603 938 663 996 quo
681 919 766 979 nobis
782 923 900 979 servata
919 923 988 988 sunt
1006 921 1120 980 scholia

104 1011 143 1070 ad
163 1009 312 1069 Ciceronis
331 1011 480 1069 orationes
499 1011 668 1084 conscripta
684 1009 853 1083 Bobiensia,
872 1010 944 1069 olim
961 1011 992 1068 in
1011 1008 1119 1069 biblio·

103 1100 192 1158 theca
217 1099 392 1158 monasterii
417 1097 574 1158 Bobiensis
602 1117 621 1157 a
644 1097 673 1157 S.
698 1095 882 1158 columbano
905 1100 1032 1173 septimo
1056 1117 1118 1158 sae-

105 1190 172 1247 culo
185 1188 342 1247 constituti
353 1179 504 1268 exstititl)
520 1187 590 1263 Ipso
604 1185 707 1245 eodem
721 1188 839 1246 saeculo
853 1189 979 1263 septimo
996 1192 1119 1247 exeunte

104 1278 153 1337 vel
176 1279 282 1336 octavo
309 1279 430 1334 ineunte
456 1278 517 1334 tres
544 1275 661 1334 librarii
685 1275 795 1334 librum
824 1276 869 1335 ita
892 1279 1119 1351 constituerunt,

104 1368 140 1425 ut
163 1368 293 1426 actiones
317 1364 424 1441 synodi
442 1362 688 1424 Chalcedonensis
712 1367 743 1423 et
760 1368 955 1424 monumenta
973 1365 1012 1424 ad
1027 1365 1119 1424 histo·

104 1455 182 1515 riam
208 1454 291 1512 illius
318 1453 437 1514 concilii
464 1455 631 1529 spectantia
659 1453 852 1528 membranis,
877 1454 983 1528 quibus
1007 1456 1119 1530 scripta

105 1545 230 1618 antiqua
257 1543 353 1601 latina
380 1541 621 1617 continebantur,
648 1543 751 1617 lautis,
780 1542 906 1616 abrasis,
934 1543 1037 1619 politis
1064 1543 1118 1601 im·

104 1635 257 1709 ponerent.
287 1633 387 1706 Atque
405 1623 554 1712 constat²)
577 1651 816 1706 unumquemque
837 1631 992 1690 librarium
1012 1651 1046 1690 ex
1065 1650 1120 1704 suo

105 1722 215 1781 scrinio
238 1740 291 1780 sua
318 1722 522 1796 manuscripta
545 1724 678 1780 veterum
701 1720 877 1796 scriptorum
903 1719 1120 1796 deprompsisse

105 1812 160 1884 ita,
183 1813 218 1869 ut
239 1811 353 1885 primus
370 1809 528 1868 Frontonis
551 1809 687 1885 epistulis
706 1813 735 1867 et
753 1809 873 1869 scholiis
891 1808 929 1868 ad
949 1807 1119 1868 (1111111111

105 1899 325 1976 pertinentibus
352 1916 462 1956 novum
489 1901 604 1956 textum
626 1900 790 1974 inponeret,
813 1898 957 1957 secundus
976 1895 1119 1973 Gothicis,

106 1987 236 2062 Arianis,
259 1987 369 2062 Persio,
387 1986 532 2061 quenali,
555 1988 661 2045 tertius
682 1986 867 2062 Symmacho
913 1987 997 2045 Duae
1021 1991 1121 2063 partes

105 2077 196 2136 huius
228 2076 336 2135 codicis
366 2078 495 2135 exstant:
525 2095 585 2134 una
615 2095 693 2135 anno
720 2074 907 2134 MDOXVIII
934 2076 1060 2135 Romam
1088 2076 1121 2134 in

104 2164 318 2225 bibliothecam
331 2165 518 2238 Vaticanum,
538 2164 632 2224 altera
646 2165 847 2224 Mediolanum
862 2167 894 2223 in
908 2164 1121 2223 bibliothecam

105 2253 336 2332 Ambrosianam
354 2253 456 2312 ablata
475 2257 529 2326 est,
551 2256 642 2313 tertia
660 2256 713 2312 aut
730 2255 821 2329 periit
843 2256 898 2313 aut
916 2254 1013 2312 adhuc
1035 2253 1119 2312 latet.

105 2343 227 2401 Invenit
243 2343 273 2401 in
289 2343 335 2400 his
353 2343 489 2417 reliquiis
503 2341 574 2401 libri
587 2343 782 2420 manuscripti
796 2345 927 2403 veterem
942 2343 1119 2419 scripturam

106 2429 259 2507 ediditque
282 2431 442 2495 cardinalis
465 2431 598 2508 Angelus
621 2431 726 2491 Maius.

174 2520 219 2585 Ex
241 2521 297 2579 hoc
320 2520 419 2579 codice
437 2521 580 2595 rescripto
599 2539 677 2578 nunc
697 2519 796 2578 denuo
819 2520 932 2596 publici
951 2520 1024 2578 iuris
1045 2519 1122 2578 fiunt

106 2609 221 2669 scholia
248 2608 407 2668 Bobiensia
435 2608 472 2666 ad
501 2607 650 2669 Ciceronis
678 2610 826 2668 orationes
855 2610 1029 2683 conscripta.
1075 2608 1120 2666 De

105 2698 154 2756 his
177 2700 289 2774 optime
311 2699 452 2757 meruisse
475 2697 601 2773 Maium,
629 2717 695 2757 cum
723 2717 759 2756 ca
786 2715 845 2755 non
872 2697 968 2756 solum
995 2696 1118 2773 indaga·

180 2887 206 2954 1)
224 2883 267 2939 De
280 2885 334 2939 hoc
348 2885 444 2938 codice
458 2902 547 2953 nuper
560 2883 699 2938 uberrime
708 2884 768 2954 egit
782 2885 811 2937 et
824 2884 884 2937 eius
893 2885 1004 2952 partem
1013 2883 1119 2936 Itomae

107 2958 247 3010 servatam
267 2955 683 3022 11111111Ρ.Ε11111,11111111111
700 2954 891 3009 bibliothecae
908 2954 1076 3024 praefectus,
1095 2973 1120 3008 v.

109 3027 246 3083 01111111
264 3027 407 3083 Vaticanis
419 3028 508 3082 selecti
516 3029 689 3096 phototppice
702 3029 828 3096 caprensi.
852 3029 902 3081 111.
919 3026 983 3081 VII.
1013 3027 1120 3082 Medio-

107 3100 169 3154 lani
179 3098 388 3153 MDGGOOVI.
400 3130 433 3138 —
444 3099 516 3151 Ante
531 3115 596 3152 eum
608 3102 718 3167 partem
727 3097 965 3152 Mediolanensem
978 3098 1121 3153 recensuit

107 3169 301 3236 Reifferscheid
319 3169 349 3222 in
367 3170 538 3225 Bibliotheca
553 3177 667 3238 patrum
685 3171 851 3224 Latinorum
870 3171 979 3224 Italica.
1019 3170 1119 3224 Vindo-

106 3241 194 3296 boaac
217 3245 302 3308 1871,
320 3241 368 3307 II,
381 3245 491 3295 22-25
512 3244 656 3308 (111111
679 3241 922 3310 Sitaaapcbcrichic
940 3241 988 3294 aer
1011 3241 1121 3294 Wiener

105 3312 197 3367 Aeac.
217 3312 343 3367 LXVII
358 3312 474 3387 [1871],
493 3315 636 3380 486sqqr).

180 3383 207 3453 2)
225 3382 320 3450 Ehrle,
338 3383 356 3437 l.
374 3384 392 3438 l.
408 3400 473 3453 pap.
488 3387 532 3437 20.
