2460 3816
101 148 146 214 24
348 149 388 202 ΙΝ
412 148 575 204 CLODIUM
598 148 645 202 ΕΤ
670 148 866 205 CURIONEM.

8 310 100 433 F&
171 317 270 376 Hanc
293 318 482 392 loquacem
505 317 671 376 Siciliam
693 336 762 376 non
786 317 957 394 despexit.

169 405 336 478 Loquacesu
358 406 477 464 videtur
503 405 636 465 Siciliam
664 407 774 481 dicere,
797 407 877 482 quod
899 407 1055 483 plerosque
1084 409 1120 468 de

51 519 53 522 ·
101 495 235 571 pecuniis
262 494 434 570 repetundis
467 497 691 571 accusaverant,
724 495 798 556 *sed
824 498 859 553 ut
886 497 993 555 scimus
1021 498 1120 571 ipsum

104 581 134 642 0.
150 583 282 642 Verrem.

13 681 87 788 ffi·
168 671 409 819 Accesperunt
435 673 489 731 ita
512 674 636 818 pauci,
668 676 716 819 ut,1
730 691 807 730 eum
834 690 903 730 non
931 673 974 732 ad
1004 676 1119 733 conti·
1148 693 1159 734 s

103 779 273 836 onem,se
321 779 489 836 sponsum
536 779 690 820 reeresa
720 780 874 822 vocasse.

169 848 246 908 Aere
284 850 381 908 alieno
419 852 576 927 gravatum
614 851 644 907 et
680 869 771 926 supra
811 849 927 909 dixerat
969 848 1119 927 Clodium,

103 936 239 998 solebant
284 940 385 997 autem
430 957 583 997 versuram
629 939 771 998 facientes
821 941 908 1014 quasi
954 938 992 997 ad
1037 958 1120 1015 spem

10 1036 14 1040 ’
103 1027 259 1086 solutionis
283 1027 401 1085 futurae
425 1045 579 1102 sponsores
604 1026 681 1086 dare.
723 1027 836 1086 Verum
858 1029 907 1087 hic
930 1028 1032 1087 volens
1056 1030 1119 1087 eius

101 1115 257 1190 perfidiam
276 1114 417 1175 denotare
440 1117 484 1175 ait
506 1135 567 1174 non
590 1117 678 1174 aliter
696 1134 806 1191 paucos
826 1117 864 1175 ad
881 1119 979 1176 rostra
996 1119 1121 1192 venisse,
1135 1137 1159 1177 ro

103 1223 193 1279 quam
216 1206 242 1263 si
265 1207 456 1264 convocasset
478 1223 541 1278 eos,
570 1207 623 1279 qui
644 1224 698 1280 pro
722 1223 753 1263 se
776 1205 962 1281 sponderent.
1008 1206 1120 1265 Multos

103 1294 183 1351 enim
205 1293 362 1367 fefellerat,
385 1312 453 1352 cum
475 1294 608 1368 periculo
632 1295 798 1368 sponsionis
822 1295 1028 1372 adstringeret.

6 1389 90 1497 ἐπὶ
173 1379 282 1441 (iuius
305 1380 568 1441 satisdationes
592 1400 729 1457 semper
752 1382 922 1441 dicuntur
943 1383 1075 1442 induci.

171 1470 387 1530 satisdationes
423 1471 496 1530 dicit
527 1471 656 1530 rescindi
688 1472 836 1530 sententia
867 1472 1021 1546 praetoris.
1081 1472 1121 1530 Et

101 1559 212 1619 hocin
234 1559 300 1618 loco
324 1558 473 1637 significat
495 1561 585 1634 viros,
608 1561 660 1635 qui
683 1561 774 1618 stulte
796 1561 946 1633 timerent,
968 1554 1048 1637 <ne>
1066 1580 1120 1635 pro
1136 1579 1159 1620 u

103 1646 207 1707 Clodio
234 1650 392 1707 mutuante
419 1649 576 1724 pecuniam
604 1648 778 1723 spondeant,
810 1667 877 1707 cum
909 1667 1120 1724 saepenumero

103 1738 217 1812 experti
240 1738 301 1795 sint
323 1738 434 1796 multos
458 1755 613 1813 sponsores
632 1738 694 1796 cius
715 1737 771 1795 hoc
789 1756 866 1795 nexu
884 1737 1035 1812 liberatos,
1054 1756 1122 1795 cum

104 1844 134 1886 se
158 1827 374 1885 circumventos
396 1826 479 1885 illius
502 1825 606 1884 fraude
630 1824 805 1885 docuissent.

0 1921 89 2029 'yffi
171 1913 327 1973 Primum
359 1915 461 1974 homo
494 1914 601 1973 durus
635 1932 673 1972 ac
705 1915 845 1989 priscus
873 1916 1038 1974 invectus
1067 1919 1122 1974 est

0 1984 12 2024 *⁶
104 2005 141 2062 in
165 2021 237 2078 eos,
261 2005 322 2079 qui
344 2022 461 2063 mense
484 2002 607 2078 Aprili
630 2006 717 2078 aput
738 2003 846 2063 Baias
870 2006 999 2063 essent.
1135 2021 1159 2060 ao

171 2090 359 2151 Consuetudo
393 2095 457 2150 erat
488 2092 591 2150 multis
624 2094 745 2150 incunte
776 2110 867 2151 verno
901 2092 940 2151 ad
967 2111 1121 2168 aquarum,

103 2199 179 2256 quae
203 2183 272 2239 sunt
294 2182 326 2238 in
346 2178 518 2255 Campania,
541 2181 625 2238 velut
647 2181 780 2239 fomenta
803 2181 935 2240 salubria
956 2184 1120 2240 convenire.

104 2315 155 2326 ...
178 2270 272 2346 igitur
294 2270 400 2326 intulit
421 2287 579 2344 personam
598 2267 696 2327 Clodii
715 2271 800 2343 quasi
818 2271 932 2345 priscae
953 2273 1121 2329 severitatis

104 2361 134 2416 et
157 2359 357 2416 continentiae
375 2359 443 2430 riri,
467 2359 515 2415 cui
538 2357 715 2432 displiceant
734 2360 764 2415 et
783 2377 858 2432 quae
876 2378 936 2417 non
956 2358 994 2416 ad
1013 2359 1121 2418 delica-

103 2449 168 2505 tam
186 2446 380 2520 voluptatem,
404 2445 455 2505 sed
479 2446 517 2504 ad
534 2446 716 2505 valetudinis
739 2447 918 2522 optinendae
937 2465 1039 2505 curam
1056 2448 1121 2506 fieri
1135 2463 1159 2503 ss

104 2535 227 2608 soleant,
256 2552 323 2592 cum
345 2536 385 2593 sit
407 2536 470 2610 ipse
494 2536 626 2593 omnium
648 2535 808 2594 libidinum
835 2536 1048 2611 cupiditatibus
1072 2537 1121 2594 de·

105 2623 192 2681 ditus.
230 2623 270 2681 Et
292 2623 362 2682 hinc
384 2623 436 2682 fiet
459 2623 567 2701 gradrm
592 2623 630 2682 ad
652 2625 747 2699 ipsius
771 2623 920 2684 Ciceronis
942 2624 1120 2684 Puteolanas

4 2756 5 2761 .
104 2712 312 2787 possessiones,
334 2714 366 2770 in
391 2731 464 2788 quas
488 2711 638 2771 devertere
662 2713 701 2770 ad
724 2712 973 2772 oblectamentum
998 2714 1120 2773 solebat.

173 2871 187 2918 7
207 2866 260 2920 oid.
281 2871 324 2932 22,
340 2870 437 2934 30sqq.

172 3028 188 3076 3
215 3024 390 3092 repetundiis
420 3024 443 3078 0
521 3026 702 3078 accusaverat
728 3042 755 3078 sn
783 3026 984 3078 accusaverunt
1013 3024 1051 3078 Or

106 3095 135 3146 et
152 3111 178 3146 m
229 3100 292 3148 ecte
315 3095 364 3148 sed
385 3095 434 3148 lac.
454 3096 551 3148 statuit
568 3097 610 3164 Zp
637 3094 686 3148 sed
704 3096 737 3148 ut
757 3094 872 3150 Cvelut
889 3097 947 3150 Leo
990 3101 1054 3161 post
1072 3094 1121 3146 scd

106 3165 214 3232 aliquid
232 3166 362 3219 eccidisse
380 3166 488 3219 videtur
541 3182 595 3233 pro
613 3165 846 3234 ipsum-primum
861 3167 993 3234 proponit
1013 3164 1050 3218 Or

106 3240 122 3287 8
137 3250 216 3303 spem
225 3235 351 3288 Niebuhr
364 3251 408 3289 mo
455 3277 460 3287 .
473 3277 478 3286 .
495 3235 548 3287 lt'
561 3236 668 3306 (ῑΙΕἿ)
683 3238 733 3291 lac.
745 3243 760 3290 1
771 3239 821 3291 litt.
832 3237 916 3290 fidem
929 3254 965 3302 m,
979 3235 1061 3290 Beier

106 3308 140 3357 10
156 3304 244 3359 ionO
315 3311 347 3359 13
362 3305 679 3377 sosslsoeolssloses
721 3308 927 3362 indicunturO
960 3305 1123 3359 indicantur

105 3377 189 3429 Beier
258 3382 289 3429 15
309 3377 388 3502 fine>
408 3377 440 3432 st
512 3382 544 3431 16
564 3377 701 3446 spondere
720 3396 763 3434 mo
836 3378 952 3433 lesio
1017 3383 1050 3430 23
1070 3379 1120 3432 lac.

104 3463 152 3570 pp.
165 3447 257 3572 liat-b
273 3453 308 3502 16
331 3450 372 3503 itt.
389 3449 447 3515 μετ’
460 3449 602 3515 εἰρωνεία(
616 3451 704 3518 suppl.
715 3451 757 3520 Zp
772 3452 840 3517 μετὰ
854 3455 1063 3516 χαριεντιεμοῦἳ

105 3551 119 3569 a
159 3535 202 3570 sin
