2460 3816
161 149 204 213 36
552 145 624 201 rao
647 145 784 202 annoso

188 325 191 329 '
305 315 419 374 *tirent
442 316 534 374 fuisse
557 317 693 374 testatam.
741 315 799 374 Sed
817 336 854 375 ne
878 317 1024 394 originem
1045 317 1180 376 civitatis

163 405 294 464 eiusdem
321 404 400 463 nude
424 405 653 464 trascucmrisse
675 404 842 464 videamur:
866 406 1083 479 antiquissimis
1106 406 1181 464 haec

162 493 345 570 temporibus
369 494 505 552 Tantalis
529 495 661 553 vocitata
688 495 741 552 est.
788 491 883 561 Quam
910 497 991 552 terra
1017 495 1084 569 ipsa
1112 512 1181 553 ocn-

163 585 292 659 sumpsit
317 583 404 641 hiatu
431 583 545 641 scilieet
567 583 764 657 interceptam
782 582 883 658 ibique
910 585 1015 659 postea
1038 582 1182 659 oppidum

163 674 372 744 constitutum,
400 673 449 729 cui
472 670 577 746 Sipylo
600 690 707 731 nomen
733 672 870 730 inditum.
916 671 1079 747 Pleraeque
1103 673 1181 731 aliae
1210 691 1222 732 s

163 763 254 820 maris
277 761 472 818 inundatione
499 760 649 818 demersae
677 762 759 819 sunt:
788 780 913 835 quarum
941 761 1000 819 fuit
1022 759 1181 834 Leucadia,

163 849 353 922 Antirrhion,
385 849 610 924 Hellespontus,
640 849 788 924 Bosphori
816 849 889 923 dn03
917 852 951 908 ut
973 849 1120 925 Pyrrham
1152 852 1182 908 et

163 937 303 997 Antisam
331 939 409 996 circa
436 937 569 996 Maeotin
591 937 732 1013 paludem
758 939 871 996 Pontus
899 937 1037 1012 abstulit,
1065 941 1099 997 ut
1121 937 1181 997 He·

163 1029 251 1086 licem
275 1029 304 1085 et
326 1027 439 1084 Buram
462 1028 544 1085 sinus
569 1022 740 1085 Corinthius
764 1026 926 1087 devoravit.
973 1027 1053 1086 Satis
1081 1030 1182 1087 autem

165 1117 293 1176 oratorie
321 1132 553 1175 commemorans
581 1117 668 1174 istius
697 1117 829 1175 civitatis
854 1115 1075 1175 devotissimam
1102 1119 1182 1175 circa
1197 1137 1222 1177 ro

164 1206 312 1264 Romanos
344 1203 433 1262 fidem
464 1204 574 1262 minuit
605 1222 674 1279 opes
707 1206 770 1263 eius
803 1207 833 1263 et
864 1207 971 1283 exigna
1002 1207 1119 1264 moenia
1152 1208 1182 1264 et

164 1312 291 1369 parvum
322 1312 478 1351 numerum
510 1294 621 1351 civium
653 1292 737 1366 dixit,
769 1293 876 1368 quibus
908 1297 1009 1352 tamen
1036 1296 1181 1354 maximos

165 1384 243 1461 regis
276 1382 460 1440 Mithridatis
492 1383 621 1456 impetus
654 1382 889 1457 propulsaverit,
925 1382 983 1441 fide
1020 1385 1050 1441 et
1081 1401 1181 1441 amore

165 1472 281 1530 scilicet
303 1490 393 1546 quam
415 1472 525 1529 virium
548 1471 691 1529 facultate
709 1470 866 1530 robustior.
904 1472 944 1530 Ilt
967 1475 1013 1531 est
1035 1471 1181 1547 quaedam

165 1559 321 1619 laudativa
344 1561 492 1618 sententia
602 1623 609 1637 ,
825 1563 827 1567 ’
1197 1580 1221 1620 15

60 1643 151 1710 ΡΨ·
235 1648 301 1706 Sed
333 1650 364 1707 si
400 1667 512 1725 neque
548 1648 656 1707 Asiae
692 1649 853 1708 luxuries
890 1650 1183 1708 infirmissimum

92 1712 131 1766 VI
167 1742 305 1813 tempus
329 1739 471 1796 aetatis.

233 1826 330 1886 Mores
366 1827 566 1885 inlustrantur
602 1827 678 1899 eius,
722 1845 810 1902 quem
846 1845 905 1886 non
941 1828 1073 1902 potuerit
1108 1826 1183 1885 Asia

168 1916 346 1974 multiformi
359 1916 514 1990 voluptate
533 1910 728 1990 corrumpere.
762 1913 875 1974 Similis
895 1917 975 1974 etin
993 1914 1025 1973 L.
1040 1915 1182 1975 Murenae

168 2005 339 2063 defensione
357 2005 505 2062 sententia
519 2007 571 2062 est.
595 2004 715 2077 Verum,
730 2004 808 2079 quod
822 2004 871 2062 hie
885 2006 981 2082 magis
996 2004 1182 2064 animadver-
1197 2024 1220 2063 ao

167 2094 290 2152 tendum
308 2095 390 2167 puto,
414 2091 630 2151 consideremus
649 2094 781 2151 omnium
799 2093 905 2151 horum
923 2095 1056 2169 capitum
1073 2095 1182 2152 transi·

168 2184 217 2240 tus
241 2183 369 2240 oratorie
392 2183 495 2240 factos.
537 2181 585 2239 Ita
608 2183 687 2239 enim
710 2181 768 2239 sibi
791 2185 992 2255 conectuntur,
1015 2184 1050 2239 ut
1072 2182 1182 2259 gradus

168 2272 313 2330 honorum
350 2288 417 2328 eum
453 2269 583 2345 quadam
618 2269 826 2329 testificatione
863 2272 999 2348 cognitae
1031 2272 1121 2328 simul
1154 2274 1184 2330 et

171 2383 385 2391 -—---—-.

237 2447 252 2492 2
280 2438 351 2491 Plin.
371 2439 405 2492 N.
424 2438 459 2491 H.
478 2438 504 2490 H
522 2441 588 2492 sect.
609 2444 642 2493 90
651 2456 705 2509 sqq.
786 2439 914 2507 perrupit
942 2455 1018 2493 mare
1044 2439 1183 2506 Leucada,

170 2510 357 2575 Antirrhium,
381 2509 603 2578 Hellespontum,
622 2510 759 2590 Bosporos
779 2510 849 2563 duos
874 2553 923 2564 ...
947 2510 1010 2578 ipsa
1029 2527 1058 2564 se
1077 2514 1183 2565 comest

169 2584 253 2635 terra.
290 2580 439 2635 Devoravit
459 2624 464 2633 .
481 2624 508 2634 ..
529 2581 657 2650 Sipylum
675 2599 705 2634 m
723 2579 870 2651 Magnesia
888 2582 917 2636 et
939 2581 1016 2649 prins
1035 2581 1064 2634 in
1084 2582 1183 2636 eodem

170 2652 232 2706 loeo
251 2651 435 2706 clarissimm
452 2651 559 2718 urbem,
578 2668 651 2719 quae
669 2651 796 2706 Tantalis
815 2653 968 2706 vocabatur
988 2695 993 2704 .
1010 2695 1015 2706 .
1034 2695 1038 2704 .
1067 2652 1184 2720 Pyrram

170 2726 200 2778 et
217 2724 361 2777 Antissam
380 2724 456 2777 circa
474 2724 609 2777 Maeotim
626 2724 732 2776 Pontus
751 2723 878 2789 abstulit,
896 2723 1014 2777 Helicen
1033 2726 1062 2777 et
1080 2724 1183 2778 Buram

171 2796 248 2849 sinus
268 2794 436 2862 Corinthms,
456 2812 575 2863 quarum
593 2795 623 2847 in
642 2795 700 2848 alto
719 2795 840 2864 vestigia
859 2796 1004 2863 apparent.

238 2872 272 2920 20
300 2866 355 2921 cic.
374 2885 424 2935 pro
444 2867 514 2919 Mur.
533 2867 559 2919 V
581 2871 612 2918 11
643 2865 760 2919 Obiecta
783 2868 825 2919 est
849 2867 923 2918 enim
941 2865 1022 2931 Asia3
1046 2882 1118 2934 quae
1147 2867 1182 2920 ab

171 2937 224 2991 hoc
243 2955 298 2992 non
313 2939 349 2991 ad
363 2939 537 3006 voluptatem
551 2941 580 2991 et
593 2937 733 2991 luxuriam
747 2937 872 3006 expetita
886 2940 936 3004 est,
959 2937 1007 2990 sed
1022 2937 1052 2989 in
1065 2937 1183 2991 militari

171 3009 267 3063 labore
285 3012 445 3078 peragrata.

240 3166 372 3220 3Tantis
393 3168 465 3235 Ome,
484 3183 551 3221 corr.
569 3168 634 3220 Mai
705 3167 995 3222 tinundationemO
1064 3182 1184 3234 quarum

173 3237 225 3363 gin
237 3240 372 3305 numero>
386 3240 427 3308 29
500 3236 747 3293 'lAnthirricniO
780 3239 896 3306 Pyrram
911 3240 975 3295 Ome
1046 3238 1184 3292 8Meotin

195 3324 238 3362 ow
320 3308 453 3361 9Biram
479 3308 542 3363 Ome
630 3314 663 3363 10
687 3309 874 3365 oratoriaeC
960 3316 991 3363 12
1015 3309 1117 3377 quibus
1139 3327 1183 3364 ruo

174 3379 252 3432 cuius
282 3379 305 3433 0
392 3385 425 3433 14
457 3379 622 3432 facultatem
650 3381 674 3435 (l
761 3386 793 3434 15
831 3383 880 3436 lac.
899 3385 918 3436 2
940 3397 989 3436 cm.
1009 3382 1042 3450 -t-
1066 3398 1113 3436 un.
1134 3383 1182 3436 lin.

174 3477 207 3511 ·.=
217 3454 253 3504 21
263 3451 314 3504 titt.
351 3453 448 3519 γνώμη
464 3452 664 3518 ἐγκωμιαετική
679 3454 768 3520 suppl.
778 3455 820 3522 Zp
893 3457 925 3505 16
943 3452 1120 3507 luxuriaesO

175 3527 208 3575 18
235 3523 387 3590 potnerunt
411 3523 435 3577 G
513 3527 545 3576 19
573 3522 688 3577 Murene
717 3523 741 3578 0
828 3531 861 3577 22
889 3522 1027 3578 oratoriae
1052 3524 1075 3578 0
