2460 3816
95 159 139 225 48
484 160 557 216 PRO
580 160 718 217 FLACCO

157 328 398 389 Ambitiosum
421 330 495 389 dicit
518 329 643 390 demisse
666 333 696 389 et
719 330 852 390 officiosa
872 329 1002 406 quedam
1021 349 1109 390 vene·

90 419 207 476 ratione
220 418 456 493 blandissimum,
475 419 553 478 unde
566 421 740 498 intellegere
756 421 852 495 possis
866 420 1019 495 inproprie
1038 437 1109 477 am-

90 506 243 567 bitiosos
258 506 294 565 de
308 507 521 586 adrogantibus
535 507 608 584 dici;
627 508 751 567 ambitio
767 512 812 567 est
829 509 910 566 enim
928 508 1039 567 favoris
1054 509 1109 566 ali-

92 597 174 655 cuius
185 597 309 672 supplex
323 598 353 654 et
363 615 430 655 cum
439 598 586 656 lenocinio
600 598 781 656 humilitatis
796 596 957 656 adfectatio
967 598 1108 674 gratiosa.

157 684 394 760 Turpissimis
417 686 576 745 iudiciis.
1136 705 1149 746 s

156 773 299 848 Famosis,
322 776 357 832 ut
378 793 466 850 saepe
489 777 550 832 iam
573 775 687 834 dictum
710 778 761 834 est.

0 868 69 924 ;43.
155 863 200 920 ut
223 864 315 921 furti
337 865 372 921 et
394 884 457 939 pro
481 865 577 922 socio
601 864 790 924 damnatus
814 866 875 923 est.

154 951 213 1010 Per
244 969 361 1011 omnem
390 953 546 1012 decursum
577 955 672 1028 partis
695 953 783 1012 huius
812 952 939 1011 destruit
965 970 1106 1028 personas

87 1042 210 1099 testium
242 1042 440 1119 singulorum,
481 1059 540 1116 quo
569 1043 667 1100 minus
696 1042 743 1101 his
780 1041 958 1100 credendum
993 1041 1106 1100 iudices

88 1130 279 1203 arbitrentur,
302 1130 408 1206 quibus
432 1130 516 1189 nulla
534 1132 615 1189 vitae
633 1131 772 1189 honestas
795 1131 1007 1206 patrocinetur.
1047 1130 1105 1190 Pro
1121 1151 1147 1190 ro

87 1219 166 1277 socio
190 1220 290 1300 autem
318 1219 510 1293 damnantur,
538 1221 591 1295 qui
618 1222 691 1295 aput
718 1218 865 1278 arbitrum
890 1218 1052 1278 infideliter
1073 1221 1106 1277 in

87 1309 229 1366 societate
253 1309 377 1385 gessisse
400 1310 623 1368 convincuntur.

152 1396 241 1454 Nam
281 1394 457 1472 Lysanias
503 1397 654 1473 adeptus
700 1399 754 1454 est
799 1397 958 1455 ordinem
1004 1415 1104 1456 sena-

86 1487 232 1559 torium,
268 1485 328 1544 sed
364 1505 441 1545 cum
476 1506 548 1545 rem
579 1507 607 1561 p.
637 1487 786 1544 nimium
823 1487 1105 1562 amplecteretur

85 1575 275 1649 peculatus
299 1574 487 1634 damnatus
511 1577 571 1634 est.
1119 1594 1145 1634 15

152 1663 293 1741 Eleganti
333 1664 423 1723 verbo
464 1682 534 1723 usus
575 1667 632 1723 est:
674 1662 902 1739 amplecteretur,
943 1666 988 1722 est
1024 1665 1104 1721 enim

86 1751 217 1826 dubium,
241 1755 364 1811 namet
387 1754 439 1829 qui
462 1753 575 1830 diligit,
599 1753 791 1828 amplectitur
813 1755 843 1810 et
866 1754 918 1829 qui
940 1752 1051 1828 spoliat
1074 1754 1104 1810 et

10 1892 13 1897 .
85 1841 238 1917 intercipit
262 1842 376 1917 aliquid
400 1861 435 1900 ex
458 1844 581 1902 aerario.

1 1934 65 1984 ¹44.
152 1927 331 1997 Quattuor
353 1933 536 1990 mensoris.

151 2017 245 2077 Actus
267 2020 300 2075 in
320 2016 408 2077 Caria
431 2020 605 2096 plerumque
623 2019 742 2078 videtur
765 2037 818 2094 per
835 2019 889 2078 has
912 2037 1053 2094 personas
1072 2022 1103 2077 et
1116 2039 1142 2077 ro

85 2107 183 2166 officia
202 2107 363 2166 decurrere.
397 2107 455 2165 Sed
474 2110 635 2168 mensarios
655 2108 737 2181 dicit,
757 2126 829 2183 quos
847 2108 896 2165 illi
913 2103 1102 2181 τραπεζίτα(

83 2198 199 2257 vocant.

150 2284 200 2342 Ex
222 2287 325 2344 tanto
349 2304 492 2344 numero
516 2285 689 2345 deductus
714 2288 767 2344 est
789 2303 897 2345 nemo.

146 2368 225 2433 Ἀπὸ
244 2372 310 2434 τῶν
330 2368 482 2434 ἀπόντων
501 2371 715 2449 ςυλλογιεμόε.
747 2375 793 2433 Ex
810 2376 848 2434 iis
865 2376 1100 2451 argumentatur,

84 2481 159 2537 quae
183 2462 289 2520 desunt
312 2463 531 2522 accusatoribus
560 2465 598 2522 ad
625 2463 831 2540 probationem
859 2466 889 2521 et
916 2480 991 2538 quae
1019 2465 1100 2522 omni
1115 2481 1140 2522 ro

84 2551 171 2610 modo
195 2554 330 2610 constare
353 2551 500 2626 deberent,
524 2554 550 2611 si
574 2553 646 2628 quid
668 2572 737 2610 vere
761 2554 996 2610 criminarentur.

24 2645 65 2693 45.
153 2639 260 2709 Quem
283 2640 483 2699 iudicatum
506 2641 608 2699 duxit
630 2641 853 2716 Hermippus.

148 2729 279 2789 Persona
305 2730 434 2789 hominis
462 2730 631 2804 defloratur,
663 2750 699 2789 ne
732 2749 822 2805 quam
849 2730 943 2805 possit
971 2731 1098 2788 auctori·

81 2820 176 2877 tatem
206 2820 291 2878 testis
320 2822 372 2878 aut
399 2819 573 2898 religionem
605 2819 662 2879 sibi
691 2819 856 2892 vindicare,
889 2820 971 2877 cuius
1003 2818 1099 2894 pudor

81 2909 167 2966 tanta
189 2910 355 2985 ignominia
377 2909 552 2987 profligatus
575 2909 627 2967 sit:
655 2907 781 2967 iudicati
804 2910 883 2966 enim
906 2906 1097 2966 ducebantur.
1113 2927 1139 2966 ao

148 2996 324 3073 Ultroque
347 2999 393 3056 iis
417 3001 569 3057 sumtum
592 2998 730 3057 intulit.

148 3085 183 3142 Id
206 3088 263 3144 est:
287 3087 378 3144 etiam
402 3088 603 3164 erogationem
626 3089 739 3145 sumtus
762 3087 922 3161 inputavit.
1001 3089 1003 3092 ’

149 3255 276 3321 tetpro
290 3253 402 3309 furtiG
473 3260 504 3307 12
524 3255 676 3308 uincuntur
690 3256 763 3322 Gmc,
778 3271 847 3312 cerr.
864 3257 930 3310 Mai
1001 3260 1034 3309 lc
1053 3257 1097 3308 est

83 3324 136 3380 GV
151 3326 180 3378 et
197 3326 254 3378 rell.
269 3326 344 3380 cedd.
357 3326 411 3381 Oto.
481 3331 513 3379 17
534 3343 588 3394 quc
606 3325 701 3395 diligit
717 3327 740 3381 Ο
806 3331 838 3379 19
858 3325 1004 3380 mensariis
1018 3327 1095 3382 codd.

83 3397 137 3451 cte.
199 3401 231 3449 21
252 3395 442 3468 ΤΡὰΠΕΖΕΙΙ
523 3398 747 3454 tac.1cm.=3
767 3399 817 3452 litt.
891 3402 924 3451 23
943 3398 996 3452 hcc
1014 3398 1095 3452 tanto

80 3467 157 3520 codd.
170 3467 223 3521 Cic.
297 3473 330 3520 24
350 3466 427 3539 ΕΥΛΙ
442 3508 448 3523 .
461 3510 483 3522 ..
500 3470 574 3522 ΜΟΟ
593 3471 643 3523 tre.
653 3468 704 3539 2¹l,
716 3485 764 3523 cm.
776 3494 809 3514 =
825 3472 842 3523 5
856 3469 906 3524 litt.
948 3485 1095 3538 argumen-

65 3537 168 3587 tantur
185 3538 216 3590 C
281 3544 320 3593 27
334 3538 385 3595 ln'e
404 3540 489 3597 duxit
506 3541 585 3602 codd.
602 3541 657 3597 Oic.
730 3544 766 3593 tt
782 3540 973 3608 personamG
