2460 3816
364 161 435 216 PRO
458 162 607 216 MILONE.
643 161 912 217 ARGUMENTUM.
1108 164 1148 227 61

131 332 264 408 agitatus
292 330 331 388 ad
353 330 488 390 Bovillas
515 333 548 388 in
575 332 773 406 cauponulam
800 331 951 406 quandam
972 331 1004 390 P.
1029 329 1150 391 Clodius

131 421 249 497 fugiens
273 418 453 478 concederet.
500 418 594 488 Quem
623 422 717 479 secuti
743 439 803 479 non
830 438 884 478 sua
912 423 1029 495 sponte,
1062 422 1151 480 utin

130 509 187 567 hac
211 508 381 567 defensione
405 509 520 568 Tullius
544 510 678 584 loquitur
701 528 757 584 pro
781 511 829 568 sui
851 507 944 568 officii
966 512 1150 583 necessitate,

132 598 184 657 sed
211 598 295 655 iussu
322 596 448 671 domini,
480 599 533 672 qui
564 598 619 657 hoc
647 599 774 655 maxime
802 601 1040 673 praeoptaverat,
1073 600 1152 658 serui

94 705 117 746 :s
131 687 253 745 Milonis
281 688 502 745 iuteremerunt.
548 685 619 746 Post
646 686 725 761 quod
756 688 871 745 facinus
894 689 1099 763 perpetratum
1122 690 1152 745 et

132 776 239 834 nuntio
262 775 388 844 Romam
410 775 527 850 perlato
549 776 706 836 vehemens
730 777 762 832 in
780 775 923 834 Milonem
940 776 1056 835 invidia
1075 794 1151 834 com·

133 866 215 924 mota
239 866 291 923 est.
336 864 448 923 Adlato
472 866 564 923 etiam
587 864 730 922 cadavere
753 864 931 924 nobilissimi
954 867 1098 924 senatoris
1122 868 1152 922 et

133 953 286 1029 popularis
310 955 380 1027 viri,
409 955 476 1028 post
503 952 630 1029 denique
657 949 766 1012 iniecto
794 955 826 1011 in
854 955 968 1012 curiam
989 953 1152 1013 Hostiliam

133 1043 213 1100 faces
237 1041 385 1100 subiectae
409 1044 479 1101 sunt
502 1042 539 1100 ab
562 1041 734 1101 turbulenta
755 1044 786 1100 et
809 1042 928 1101 sordida
951 1043 1151 1115 multitudine,
1222 1085 1224 1090 >

91 1152 119 1191 ro
133 1133 182 1188 cui
216 1132 247 1189 et
278 1133 342 1189 vita
374 1130 405 1188 P.
434 1129 520 1189 Olodi
551 1133 677 1189 nimium
708 1132 862 1190 fructuosa
893 1133 926 1189 in
957 1133 1153 1208 praeteritum

133 1221 232 1277 fuerat
269 1221 299 1278 et
334 1222 405 1278 tune
442 1238 520 1279 mors
558 1220 664 1278 acerba
700 1222 772 1278 erat.
837 1218 949 1287 Quibus
985 1220 1081 1279 turbis
1123 1222 1153 1278 et

134 1308 328 1367 seditionibus
375 1309 515 1368 adversus
561 1308 703 1368 Milonem
750 1309 945 1386 flagrantibus
991 1311 1152 1368 convocato

134 1399 240 1456 senatu
267 1397 418 1455 decretum
446 1400 491 1456 est
514 1398 633 1457 caedem
660 1400 692 1455 in
715 1398 815 1473 Appia
838 1399 888 1456 via
912 1399 1016 1457 contra
1038 1417 1101 1456 rem
1123 1419 1151 1474 p.

135 1505 196 1545 esse
220 1488 415 1545 commissam.
458 1486 509 1545 On.
534 1489 626 1545 etiam
648 1486 814 1562 Pompeius,
838 1488 890 1562 qui
913 1489 985 1545 tunc
1008 1489 1070 1545 sine
1094 1488 1152 1545 col-

93 1595 120 1636 15
134 1577 202 1652 lega
225 1577 348 1633 tertium
367 1577 554 1634 consulatum
572 1575 702 1654 gerebat,
725 1576 798 1633 tulit
815 1576 920 1652 legem,
943 1578 978 1634 ut
996 1576 1031 1633 de
1050 1575 1154 1634 eadem

136 1664 224 1721 caede
253 1667 336 1722 extra
364 1665 498 1723 ordinem
525 1667 723 1740 quaereretur.
769 1664 813 1721 Ae
842 1665 937 1739 primo
966 1664 1086 1739 quidem
1108 1666 1152 1722 iu-

135 1753 213 1810 dices
238 1753 432 1812 consederunt
454 1756 487 1811 in
512 1754 583 1816 aede
608 1753 737 1811 Saturni.
784 1753 824 1810 Et
852 1753 1011 1830 gerendam
1034 1771 1154 1813 causam

134 1859 188 1916 pro
212 1841 312 1899 debita
339 1843 554 1901 necessitudine
577 1860 630 1899 nee
653 1844 750 1900 minus
774 1844 857 1915 voto,
885 1859 943 1916 quo
970 1843 1085 1899 inimici
1108 1844 1155 1901 sui

135 1932 290 1988 interitum
313 1932 534 2008 gratulabatur,
562 1930 663 1990 Cicero
691 1932 828 2005 suscepit.
875 1928 933 1988 Sed
956 1932 1097 2006 quoniam
1125 1933 1154 1988 et

94 2039 121 2078 ao
134 2019 307 2077 turbulenta
338 2038 384 2078 res
417 2022 481 2078 erat
508 2023 538 2078 et
566 2020 699 2079 confessa
725 2019 828 2078 caedes
857 2022 886 2076 et
914 2019 951 2078 ad
979 2020 1154 2079 seditionem

135 2108 262 2184 populus
298 2109 499 2168 inflammatus
539 2111 569 2166 et
605 2110 808 2184 circumpositi
839 2108 950 2167 iudicio
982 2109 1092 2168 milites
1125 2113 1155 2166 et

136 2215 195 2256 non
217 2198 304 2274 longe
328 2198 498 2273 praesidens
522 2197 624 2257 consul
646 2199 710 2272 ipse
728 2197 886 2272 Pompeius
901 2197 1010 2256 ⁴obniue
1033 2197 1154 2257 studens

136 2289 168 2343 in
191 2285 412 2346 damnationem
429 2286 559 2361 Milonis,
583 2287 707 2362 perferri
730 2286 860 2345 defensio
883 2288 943 2345 ista
965 2305 1025 2344 non
1047 2288 1154 2361 potuit,

136 2392 207 2432 nam
233 2377 315 2433 metu
343 2378 546 2435 consternatus
570 2377 686 2451 etipse
709 2376 825 2434 Tutilius
854 2375 959 2451 pedem
985 2376 1102 2433 rettulit
1126 2378 1156 2434 et

95 2483 122 2523 as
138 2466 235 2521 exstat
263 2465 338 2523 alius
366 2468 520 2541 praeterea
547 2465 623 2524 liber
652 2467 786 2523 actorum
813 2482 867 2540 pro
890 2464 1014 2538 Milone,
1041 2466 1155 2540 inquo

138 2554 237 2610 omnia
272 2555 441 2629 interrupta
477 2558 507 2612 et
542 2554 670 2630 inpolita
702 2556 732 2612 et
767 2554 867 2627 rudia,
904 2553 993 2628 plena
1029 2554 1155 2628 denique

137 2641 259 2699 maximi
281 2644 403 2701 terroris
424 2661 575 2720 agnoscas.
611 2642 698 2700 Hanc
717 2645 880 2702 orationem
898 2645 1002 2716 postea
1019 2642 1154 2719 legitimo

137 2748 225 2804 opere
249 2733 278 2788 et
300 2733 411 2789 maiore
435 2750 519 2806 cura,
542 2734 645 2807 utpote
668 2733 730 2789 iam
753 2730 925 2790 confirmato
948 2731 1048 2788 animo
1071 2732 1102 2787 et
1123 2731 1156 2787 in

208 2920 220 2967 1
243 2878 493 2971 citrosam
562 2915 790 2969 sarcasmum
810 2915 882 2980 ono,
901 2915 1011 2971 caess
1078 2921 1093 2968 e
1113 2915 1155 2968 in-

140 2986 294 3042 uidiamO
377 2992 391 3040 7
415 2988 540 3055 postest
561 2988 730 3055 oscuras
748 2987 827 3041 babet
912 2991 928 3039 8
957 2985 1155 3056 POPUlelSss

132 3095 255 3166 &ursi
346 3060 540 3170 tosruuu
645 3117 678 3165 10
711 3058 1055 3182 curebiraeseciosu

142 3183 349 3240 FRUCTUOSd
368 3185 386 3238 R
401 3201 434 3240 ex
447 3184 464 3238 l
477 3190 593 3240 correcto
649 3189 679 3236 11
692 3189 756 3251 post
770 3186 830 3238 erat
845 3184 869 3239 0
876 3189 1011 3252 puuctum
1025 3183 1104 3237 babet

142 3260 175 3306 12
196 3255 405 3327 eluamus·
480 3261 513 3309 13
532 3257 613 3310 iacto
631 3256 712 3309 verba
730 3257 881 3310 convocato
896 3254 1057 3308 —caedem
1078 3254 1109 3324 0,
1125 3256 1157 3308 iu

140 3329 366 3453 marigssmmiff
385 3326 666 3454 ...qulnleuapgtcasp
682 3369 723 3381 ...
783 3333 843 3453 ,ὦ
860 3326 1156 3451 CCpre’lbzpbgzplma

141 3413 406 3592 {prptyprppdecp
465 3476 498 3522 22
518 3414 791 3524 obnixbbsdmcMi
809 3414 1118 3522 ergiuiibmertaua
1130 3468 1196 3506 uno,

140 3555 207 3593 corr.
248 3557 269 3608 ρ
