<?xml version="1.0" encoding="UTF-8"?>
<!DOCTYPE html PUBLIC "-//W3C//DTD XHTML 1.0 Transitional//EN"
    "http://www.w3.org/TR/xhtml1/DTD/xhtml1-transitional.dtd">
<html xmlns="http://www.w3.org/1999/xhtml" xml:lang="en" lang="en">
 <head>
  <title>
</title>
<meta http-equiv="Content-Type" content="text/html;charset=utf-8" />
  <meta name='ocr-system' content='tesseract 3.04.00' />
  <meta name='ocr-capabilities' content='ocr_page ocr_carea ocr_par ocr_line ocrx_word'/>
</head>
<body>
  <div class='ocr_page' id='page_1' title='image "./scholiaincicero00hildgoog_0031.png"; bbox 0 0 2460 3816; ppageno 0'>
   <div class='ocr_carea' id='block_1_1' title="bbox 104 158 717 216">
    <p class='ocr_par' dir='ltr' id='par_1_1' title="bbox 104 158 717 216">
     <span class='ocr_line' id='line_1_1' title="bbox 104 158 717 216; baseline -0.005 -1"><span class='ocrx_word' id='word_1_1' title='bbox 104 162 195 216; x_wconf 88' lang='lat' dir='ltr'>XXIV</span> <span class='ocrx_word' id='word_1_2' title='bbox 503 158 717 213; x_wconf 76' lang='lat' dir='ltr'>PRAEFATIO.</span> 
     </span>
    </p>
   </div>
   <div class='ocr_carea' id='block_1_2' title="bbox 104 326 1124 938">
    <p class='ocr_par' dir='ltr' id='par_1_2' title="bbox 104 326 1124 850">
     <span class='ocr_line' id='line_1_2' title="bbox 104 326 1122 405; baseline -0.002 -17"><span class='ocrx_word' id='word_1_3' title='bbox 104 331 193 389; x_wconf 90' lang='lat' dir='ltr'><strong>illum</strong></span> <span class='ocrx_word' id='word_1_4' title='bbox 215 330 304 388; x_wconf 90' lang='lat' dir='ltr'><strong>tertio</strong></span> <span class='ocrx_word' id='word_1_5' title='bbox 328 329 445 387; x_wconf 90' lang='lat' dir='ltr'><strong>saeculo</strong></span> <span class='ocrx_word' id='word_1_6' title='bbox 470 330 507 388; x_wconf 90' lang='lat' dir='ltr'><strong>ad</strong></span> <span class='ocrx_word' id='word_1_7' title='bbox 530 328 617 387; x_wconf 92' lang='lat' dir='ltr'><strong>finem</strong></span> <span class='ocrx_word' id='word_1_8' title='bbox 636 330 776 405; x_wconf 88' lang='lat' dir='ltr'><strong>vergente</strong></span> <span class='ocrx_word' id='word_1_9' title='bbox 799 327 847 386; x_wconf 87' lang='lat' dir='ltr'><strong>vel</strong></span> <span class='ocrx_word' id='word_1_10' title='bbox 865 326 992 385; x_wconf 86' lang='lat' dir='ltr'><strong>maxime</strong></span> <span class='ocrx_word' id='word_1_11' title='bbox 1014 329 1122 402; x_wconf 85' lang='lat' dir='ltr'><strong>quarto</strong></span> 
     </span>
     <span class='ocr_line' id='line_1_3' title="bbox 105 415 1123 493; baseline -0.006 -14"><span class='ocrx_word' id='word_1_12' title='bbox 105 419 222 479; x_wconf 83' lang='lat' dir='ltr'><strong>saeculo</strong></span> <span class='ocrx_word' id='word_1_13' title='bbox 246 421 366 477; x_wconf 86' lang='lat' dir='ltr'><strong>ineunte</strong></span> <span class='ocrx_word' id='word_1_14' title='bbox 389 420 534 493; x_wconf 84' lang='lat' dir='ltr'><strong>seriptum</strong></span> <span class='ocrx_word' id='word_1_15' title='bbox 557 436 628 476; x_wconf 87' lang='lat' dir='ltr'><strong>esse.</strong></span> <span class='ocrx_word' id='word_1_16' title='bbox 673 415 773 491; x_wconf 80' lang='lat' dir='ltr'><strong>Atque</strong></span> <span class='ocrx_word' id='word_1_17' title='bbox 797 435 864 475; x_wconf 89' lang='lat' dir='ltr'><strong>cunr</strong></span> <span class='ocrx_word' id='word_1_18' title='bbox 887 416 1123 474; x_wconf 90' lang='lat' dir='ltr'><strong>demonstratum</strong></span> 
     </span>
     <span class='ocr_line' id='line_1_4' title="bbox 106 501 1124 589; baseline -0.005 -22"><span class='ocrx_word' id='word_1_19' title='bbox 106 501 178 589; x_wconf 85' lang='lat' dir='ltr'><strong>sit¹)</strong></span> <span class='ocrx_word' id='word_1_20' title='bbox 210 509 416 566; x_wconf 88' lang='lat' dir='ltr'><strong>commentarii</strong></span> <span class='ocrx_word' id='word_1_21' title='bbox 447 507 577 565; x_wconf 82' lang='lat' dir='ltr'>indolem</span> <span class='ocrx_word' id='word_1_22' title='bbox 610 508 640 565; x_wconf 93' lang='lat' dir='ltr'><strong>et</strong></span> <span class='ocrx_word' id='word_1_23' title='bbox 676 505 843 565; x_wconf 86' lang='lat' dir='ltr'><strong>doctrinam</strong></span> <span class='ocrx_word' id='word_1_24' title='bbox 878 504 979 581; x_wconf 84' lang='lat' dir='ltr'><strong>quarti</strong></span> <span class='ocrx_word' id='word_1_25' title='bbox 1011 505 1124 563; x_wconf 89' lang='lat' dir='ltr'><strong>saeculi</strong></span> 
     </span>
     <span class='ocr_line' id='line_1_5' title="bbox 105 594 1122 670; baseline -0.003 -15"><span class='ocrx_word' id='word_1_26' title='bbox 105 615 192 655; x_wconf 88' lang='lat' dir='ltr'><strong>usum</strong></span> <span class='ocrx_word' id='word_1_27' title='bbox 218 597 364 670; x_wconf 87' lang='lat' dir='ltr'><strong>indicare,</strong></span> <span class='ocrx_word' id='word_1_28' title='bbox 387 594 636 655; x_wconf 88' lang='lat' dir='ltr'><strong>verisimillimum</strong></span> <span class='ocrx_word' id='word_1_29' title='bbox 666 600 711 653; x_wconf 88' lang='lat' dir='ltr'><strong>est</strong></span> <span class='ocrx_word' id='word_1_30' title='bbox 732 596 765 652; x_wconf 89' lang='lat' dir='ltr'><strong>in</strong></span> <span class='ocrx_word' id='word_1_31' title='bbox 788 595 841 652; x_wconf 92' lang='lat' dir='ltr'><strong>illo</strong></span> <span class='ocrx_word' id='word_1_32' title='bbox 865 594 1039 669; x_wconf 84' lang='lat' dir='ltr'><strong>exemplari,</strong></span> <span class='ocrx_word' id='word_1_33' title='bbox 1063 612 1122 668; x_wconf 91' lang='lat' dir='ltr'><strong>quo</strong></span> 
     </span>
     <span class='ocr_line' id='line_1_6' title="bbox 104 682 1123 758; baseline -0.005 -14"><span class='ocrx_word' id='word_1_34' title='bbox 104 685 245 745; x_wconf 88' lang='lat' dir='ltr'><strong>librarius</strong></span> <span class='ocrx_word' id='word_1_35' title='bbox 269 687 378 744; x_wconf 86' lang='lat' dir='ltr'><strong>codicis</strong></span> <span class='ocrx_word' id='word_1_36' title='bbox 401 684 557 742; x_wconf 90' lang='lat' dir='ltr'><strong>Bobiensis</strong></span> <span class='ocrx_word' id='word_1_37' title='bbox 577 701 648 742; x_wconf 87' lang='lat' dir='ltr'><strong>usus</strong></span> <span class='ocrx_word' id='word_1_38' title='bbox 672 687 725 756; x_wconf 84' lang='lat' dir='ltr'><strong>est,</strong></span> <span class='ocrx_word' id='word_1_39' title='bbox 747 684 878 758; x_wconf 92' lang='lat' dir='ltr'><strong>primum</strong></span> <span class='ocrx_word' id='word_1_40' title='bbox 900 682 1022 755; x_wconf 89' lang='lat' dir='ltr'><strong>scholia,</strong></span> <span class='ocrx_word' id='word_1_41' title='bbox 1045 701 1123 758; x_wconf 90' lang='lat' dir='ltr'><strong>quae</strong></span> 
     </span>
     <span class='ocr_line' id='line_1_7' title="bbox 105 773 747 850; baseline -0.003 -18"><span class='ocrx_word' id='word_1_42' title='bbox 105 775 190 834; x_wconf 89' lang='lat' dir='ltr'><strong>nobis</strong></span> <span class='ocrx_word' id='word_1_43' title='bbox 213 777 332 850; x_wconf 88' lang='lat' dir='ltr'><strong>praesto</strong></span> <span class='ocrx_word' id='word_1_44' title='bbox 356 776 435 846; x_wconf 70' lang='lat' dir='ltr'><strong>sunt</strong></span> <span class='ocrx_word' id='word_1_45' title='bbox 459 774 628 847; x_wconf 82' lang='lat' dir='ltr'><strong>conscript-a</strong></span> <span class='ocrx_word' id='word_1_46' title='bbox 648 773 747 832; x_wconf 87' lang='lat' dir='ltr'><strong>fuisse.</strong></span> 
     </span>
    </p>

    <p class='ocr_par' dir='ltr' id='par_1_3' title="bbox 171 859 1124 938">
     <span class='ocr_line' id='line_1_8' title="bbox 171 859 1124 938; baseline -0.003 -17"><span class='ocrx_word' id='word_1_47' title='bbox 171 864 217 921; x_wconf 57' lang='grc' dir='ltr'><strong>ΕΚ</strong></span> <span class='ocrx_word' id='word_1_48' title='bbox 241 863 402 938; x_wconf 83' lang='lat' dir='ltr'><strong>exemplari</strong></span> <span class='ocrx_word' id='word_1_49' title='bbox 429 861 571 920; x_wconf 89' lang='lat' dir='ltr'><strong>Bobiensi</strong></span> <span class='ocrx_word' id='word_1_50' title='bbox 598 860 777 920; x_wconf 86' lang='lat' dir='ltr'><strong>scholiorum</strong></span> <span class='ocrx_word' id='word_1_51' title='bbox 805 859 889 918; x_wconf 92' lang='lat' dir='ltr'><strong>nobis</strong></span> <span class='ocrx_word' id='word_1_52' title='bbox 912 863 1030 918; x_wconf 86' lang='lat' dir='ltr'><strong>servata</strong></span> <span class='ocrx_word' id='word_1_53' title='bbox 1053 863 1124 918; x_wconf 89' lang='lat' dir='ltr'><strong>sunt</strong></span> 
     </span>
    </p>
   </div>
   <div class='ocr_carea' id='block_1_3' title="bbox 68 947 1124 1113">
    <p class='ocr_par' dir='ltr' id='par_1_4' title="bbox 68 947 1124 1113">
     <span class='ocr_line' id='line_1_9' title="bbox 68 947 1124 1025; baseline -0.008 -11"><span class='ocrx_word' id='word_1_54' title='bbox 68 1013 69 1016; x_wconf 72' lang='grc'>,</span> <span class='ocrx_word' id='word_1_55' title='bbox 105 951 292 1011; x_wconf 88' lang='lat' dir='ltr'>XXXXVIII</span> <span class='ocrx_word' id='word_1_56' title='bbox 319 951 394 1009; x_wconf 84' lang='lat' dir='ltr'><strong>folia</strong></span> <span class='ocrx_word' id='word_1_57' title='bbox 422 953 452 1009; x_wconf 89' lang='lat' dir='ltr'><strong>et</strong></span> <span class='ocrx_word' id='word_1_58' title='bbox 479 949 523 1007; x_wconf 92' lang='lat' dir='ltr'><strong>VI</strong></span> <span class='ocrx_word' id='word_1_59' title='bbox 551 949 687 1025; x_wconf 76' lang='lat' dir='ltr'><strong>dimidia3</strong></span> <span class='ocrx_word' id='word_1_60' title='bbox 715 950 821 1007; x_wconf 90' lang='lat' dir='ltr'><strong>horum</strong></span> <span class='ocrx_word' id='word_1_61' title='bbox 843 949 898 1006; x_wconf 91' lang='lat' dir='ltr'><strong>XX</strong></span> <span class='ocrx_word' id='word_1_62' title='bbox 926 949 999 1007; x_wconf 84' lang='lat' dir='ltr'><strong>folia</strong></span> <span class='ocrx_word' id='word_1_63' title='bbox 1023 954 1053 1006; x_wconf 87' lang='lat' dir='ltr'><strong>et</strong></span> <span class='ocrx_word' id='word_1_64' title='bbox 1075 947 1124 1006; x_wconf 91' lang='lat' dir='ltr'><strong>III</strong></span> 
     </span>
     <span class='ocr_line' id='line_1_10' title="bbox 105 1037 1124 1113; baseline -0.002 -15"><span class='ocrx_word' id='word_1_65' title='bbox 105 1041 229 1099; x_wconf 89' lang='lat' dir='ltr'><strong>dimidia</strong></span> <span class='ocrx_word' id='word_1_66' title='bbox 251 1039 463 1113; x_wconf 77' lang='lat' dir='ltr'>Mediolanum,</span> <span class='ocrx_word' id='word_1_67' title='bbox 486 1038 618 1096; x_wconf 90' lang='lat' dir='ltr'>XXVIII</span> <span class='ocrx_word' id='word_1_68' title='bbox 641 1041 672 1096; x_wconf 92' lang='lat' dir='ltr'><strong>et</strong></span> <span class='ocrx_word' id='word_1_69' title='bbox 693 1037 741 1096; x_wconf 83' lang='grc' dir='ltr'><strong>ΙΙΙ</strong></span> <span class='ocrx_word' id='word_1_70' title='bbox 764 1037 888 1096; x_wconf 84' lang='lat' dir='ltr'><strong>dimidia</strong></span> <span class='ocrx_word' id='word_1_71' title='bbox 911 1037 1037 1096; x_wconf 86' lang='lat' dir='ltr'><strong>Romam</strong></span> <span class='ocrx_word' id='word_1_72' title='bbox 1059 1037 1124 1097; x_wconf 87' lang='lat' dir='ltr'><strong>lata</strong></span> 
     </span>
    </p>
   </div>
   <div class='ocr_carea' id='block_1_4' title="bbox 105 1126 1125 1741">
    <p class='ocr_par' dir='ltr' id='par_1_5' title="bbox 105 1126 1125 1741">
     <span class='ocr_line' id='line_1_11' title="bbox 106 1126 1124 1203; baseline -0.004 -15"><span class='ocrx_word' id='word_1_73' title='bbox 106 1132 183 1189; x_wconf 85' lang='lat' dir='ltr'><strong>sunt.</strong></span> <span class='ocrx_word' id='word_1_74' title='bbox 229 1129 360 1186; x_wconf 87' lang='lat' dir='ltr'><strong>Maxima</strong></span> <span class='ocrx_word' id='word_1_75' title='bbox 388 1147 490 1187; x_wconf 90' lang='lat' dir='ltr'><strong>corum</strong></span> <span class='ocrx_word' id='word_1_76' title='bbox 513 1146 582 1203; x_wconf 84' lang='lat' dir='ltr'><strong>pars</strong></span> <span class='ocrx_word' id='word_1_77' title='bbox 610 1127 655 1186; x_wconf 87' lang='lat' dir='ltr'><strong>ita</strong></span> <span class='ocrx_word' id='word_1_78' title='bbox 676 1126 822 1202; x_wconf 82' lang='lat' dir='ltr'><strong>rescripta</strong></span> <span class='ocrx_word' id='word_1_79' title='bbox 848 1129 901 1200; x_wconf 81' lang='lat' dir='ltr'><strong>est,</strong></span> <span class='ocrx_word' id='word_1_80' title='bbox 924 1128 1015 1184; x_wconf 85' lang='lat' dir='ltr'><strong>utin</strong></span> <span class='ocrx_word' id='word_1_81' title='bbox 1037 1144 1124 1185; x_wconf 80' lang='lat' dir='ltr'><strong>versa</strong></span> 
     </span>
     <span class='ocr_line' id='line_1_12' title="bbox 106 1215 1124 1295; baseline -0.004 -18"><span class='ocrx_word' id='word_1_82' title='bbox 106 1219 218 1295; x_wconf 84' lang='lat' dir='ltr'><strong>pagina</strong></span> <span class='ocrx_word' id='word_1_83' title='bbox 240 1217 421 1277; x_wconf 80' lang='lat' dir='ltr'><strong>scholiorum</strong></span> <span class='ocrx_word' id='word_1_84' title='bbox 443 1219 525 1276; x_wconf 88' lang='lat' dir='ltr'><strong>recta</strong></span> <span class='ocrx_word' id='word_1_85' title='bbox 549 1216 668 1275; x_wconf 90' lang='lat' dir='ltr'><strong>concilii</strong></span> <span class='ocrx_word' id='word_1_86' title='bbox 691 1215 890 1289; x_wconf 79' lang='lat' dir='ltr'><strong>exhiberetur3</strong></span> <span class='ocrx_word' id='word_1_87' title='bbox 913 1215 1056 1273; x_wconf 89' lang='lat' dir='ltr'><strong>nonnulla</strong></span> <span class='ocrx_word' id='word_1_88' title='bbox 1075 1233 1124 1274; x_wconf 91' lang='lat' dir='ltr'><strong>ec-</strong></span> 
     </span>
     <span class='ocr_line' id='line_1_13' title="bbox 105 1303 1124 1381; baseline -0.003 -17"><span class='ocrx_word' id='word_1_89' title='bbox 105 1327 173 1365; x_wconf 89' lang='lat' dir='ltr'><strong>rum</strong></span> <span class='ocrx_word' id='word_1_90' title='bbox 200 1307 355 1380; x_wconf 83' lang='lat' dir='ltr'><strong>foliorum,</strong></span> <span class='ocrx_word' id='word_1_91' title='bbox 383 1324 459 1381; x_wconf 84' lang='lat' dir='ltr'><strong>quae</strong></span> <span class='ocrx_word' id='word_1_92' title='bbox 486 1305 651 1364; x_wconf 80' lang='lat' dir='ltr'><strong>Mediolani</strong></span> <span class='ocrx_word' id='word_1_93' title='bbox 679 1306 877 1378; x_wconf 78' lang='lat' dir='ltr'><strong>asservantur,</strong></span> <span class='ocrx_word' id='word_1_94' title='bbox 899 1303 1039 1362; x_wconf 87' lang='lat' dir='ltr'><strong>librarius</strong></span> <span class='ocrx_word' id='word_1_95' title='bbox 1064 1322 1124 1361; x_wconf 91' lang='lat' dir='ltr'><strong>non</strong></span> 
     </span>
     <span class='ocr_line' id='line_1_14' title="bbox 106 1391 1124 1469; baseline -0.001 -17"><span class='ocrx_word' id='word_1_96' title='bbox 106 1396 242 1454; x_wconf 77' lang='lat' dir='ltr'><strong>invertit:</strong></span> <span class='ocrx_word' id='word_1_97' title='bbox 265 1396 338 1453; x_wconf 87' lang='lat' dir='ltr'><strong>haec</strong></span> <span class='ocrx_word' id='word_1_98' title='bbox 356 1396 389 1452; x_wconf 88' lang='lat' dir='ltr'><strong>in</strong></span> <span class='ocrx_word' id='word_1_99' title='bbox 407 1394 512 1453; x_wconf 85' lang='lat' dir='ltr'><strong>tabula</strong></span> <span class='ocrx_word' id='word_1_100' title='bbox 535 1413 613 1469; x_wconf 90' lang='lat' dir='ltr'><strong>quae</strong></span> <span class='ocrx_word' id='word_1_101' title='bbox 637 1393 771 1469; x_wconf 88' lang='lat' dir='ltr'><strong>sequitur</strong></span> <span class='ocrx_word' id='word_1_102' title='bbox 789 1393 929 1452; x_wconf 89' lang='lat' dir='ltr'><strong>asterisco</strong></span> <span class='ocrx_word' id='word_1_103' title='bbox 949 1391 1124 1469; x_wconf 88' lang='lat' dir='ltr'><strong>significavi.</strong></span> 
     </span>
     <span class='ocr_line' id='line_1_15' title="bbox 106 1481 1124 1558; baseline -0.003 -16"><span class='ocrx_word' id='word_1_104' title='bbox 106 1483 412 1542; x_wconf 84' lang='lat' dir='ltr'><strong>Animadvertendum</strong></span> <span class='ocrx_word' id='word_1_105' title='bbox 435 1486 590 1558; x_wconf 87' lang='lat' dir='ltr'><strong>praeterea</strong></span> <span class='ocrx_word' id='word_1_106' title='bbox 614 1485 659 1542; x_wconf 89' lang='lat' dir='ltr'><strong>est</strong></span> <span class='ocrx_word' id='word_1_107' title='bbox 681 1482 758 1539; x_wconf 87' lang='lat' dir='ltr'><strong>nihil</strong></span> <span class='ocrx_word' id='word_1_108' title='bbox 775 1483 931 1555; x_wconf 88' lang='lat' dir='ltr'><strong>interesse,</strong></span> <span class='ocrx_word' id='word_1_109' title='bbox 953 1500 1013 1558; x_wconf 93' lang='lat' dir='ltr'><strong>quo</strong></span> <span class='ocrx_word' id='word_1_110' title='bbox 1036 1481 1124 1539; x_wconf 93' lang='lat' dir='ltr'><strong>modo</strong></span> 
     </span>
     <span class='ocr_line' id='line_1_16' title="bbox 108 1563 1125 1653; baseline -0.001 -23"><span class='ocrx_word' id='word_1_111' title='bbox 108 1573 181 1631; x_wconf 89' lang='lat' dir='ltr'><strong>folia</strong></span> <span class='ocrx_word' id='word_1_112' title='bbox 218 1574 296 1648; x_wconf 87' lang='lat' dir='ltr'><strong>ipsa.</strong></span> <span class='ocrx_word' id='word_1_113' title='bbox 316 1571 391 1630; x_wconf 84' lang='lat' dir='ltr'><strong>flexa</strong></span> <span class='ocrx_word' id='word_1_114' title='bbox 428 1573 489 1630; x_wconf 88' lang='lat' dir='ltr'><strong>sint</strong></span> <span class='ocrx_word' id='word_1_115' title='bbox 525 1563 564 1653; x_wconf 80' lang='lat' dir='ltr'><strong>(e.</strong></span> <span class='ocrx_word' id='word_1_116' title='bbox 593 1592 619 1648; x_wconf 94' lang='lat' dir='ltr'><strong>g.</strong></span> <span class='ocrx_word' id='word_1_117' title='bbox 652 1575 752 1630; x_wconf 83' lang='lat' dir='ltr'><strong>utrum</strong></span> <span class='ocrx_word' id='word_1_118' title='bbox 788 1572 839 1630; x_wconf 87' lang='lat'><strong>35.</strong></span> <span class='ocrx_word' id='word_1_119' title='bbox 864 1570 985 1632; x_wconf 60' lang='lat' dir='ltr'><strong>suls.</strong></span> <span class='ocrx_word' id='word_1_120' title='bbox 1011 1571 1061 1628; x_wconf 87' lang='grc'><strong>46.</strong></span> <span class='ocrx_word' id='word_1_121' title='bbox 1086 1588 1125 1629; x_wconf 88' lang='lat' dir='ltr'><strong>an</strong></span> 
     </span>
     <span class='ocr_line' id='line_1_17' title="bbox 109 1652 1125 1741; baseline -0.002 -21"><span class='ocrx_word' id='word_1_122' title='bbox 109 1662 159 1720; x_wconf 78' lang='lat'><strong>45.</strong></span> <span class='ocrx_word' id='word_1_123' title='bbox 185 1662 307 1722; x_wconf 54' lang='lat' dir='ltr'><strong>lusa.</strong></span> <span class='ocrx_word' id='word_1_124' title='bbox 330 1652 405 1741; x_wconf 73' lang='lat' dir='ltr'><strong>so),</strong></span> <span class='ocrx_word' id='word_1_125' title='bbox 429 1679 495 1719; x_wconf 88' lang='lat' dir='ltr'><strong>cum</strong></span> <span class='ocrx_word' id='word_1_126' title='bbox 518 1661 575 1719; x_wconf 93' lang='lat' dir='ltr'><strong>hoc</strong></span> <span class='ocrx_word' id='word_1_127' title='bbox 597 1662 710 1718; x_wconf 87' lang='lat' dir='ltr'><strong>factum</strong></span> <span class='ocrx_word' id='word_1_128' title='bbox 734 1661 774 1719; x_wconf 85' lang='lat' dir='ltr'><strong>sit</strong></span> <span class='ocrx_word' id='word_1_129' title='bbox 791 1662 880 1736; x_wconf 91' lang='lat' dir='ltr'><strong>prout</strong></span> <span class='ocrx_word' id='word_1_130' title='bbox 903 1659 1025 1717; x_wconf 89' lang='lat' dir='ltr'><strong>librario</strong></span> <span class='ocrx_word' id='word_1_131' title='bbox 1050 1677 1125 1734; x_wconf 88' lang='lat' dir='ltr'><strong>opus</strong></span> 
     </span>
    </p>
   </div>
   <div class='ocr_carea' id='block_1_5' title="bbox 107 1746 1131 3422">
    <p class='ocr_par' dir='ltr' id='par_1_6' title="bbox 107 1746 1131 3422">
     <span class='ocr_line' id='line_1_18' title="bbox 109 1746 1124 1825; baseline -0.001 -18"><span class='ocrx_word' id='word_1_132' title='bbox 109 1751 176 1823; x_wconf 84' lang='lat' dir='ltr'><strong>fuit,</strong></span> <span class='ocrx_word' id='word_1_133' title='bbox 201 1748 252 1824; x_wconf 89' lang='lat' dir='ltr'><strong>qui</strong></span> <span class='ocrx_word' id='word_1_134' title='bbox 275 1749 504 1825; x_wconf 83' lang='lat' dir='ltr'><strong>descriptionem</strong></span> <span class='ocrx_word' id='word_1_135' title='bbox 528 1749 647 1808; x_wconf 91' lang='lat' dir='ltr'><strong>concilii</strong></span> <span class='ocrx_word' id='word_1_136' title='bbox 666 1749 877 1808; x_wconf 85' lang='lat' dir='ltr'><strong>commentario</strong></span> <span class='ocrx_word' id='word_1_137' title='bbox 898 1746 1046 1807; x_wconf 76' lang='lat' dir='ltr'><strong>Ciceronis</strong></span> <span class='ocrx_word' id='word_1_138' title='bbox 1069 1750 1124 1806; x_wconf 91' lang='lat' dir='ltr'><strong>im-</strong></span> 
     </span>
     <span class='ocr_line' id='line_1_19' title="bbox 109 1837 1125 1914; baseline -0.004 -16"><span class='ocrx_word' id='word_1_139' title='bbox 109 1837 218 1914; x_wconf 88' lang='lat' dir='ltr'><strong>posuit.</strong></span> <span class='ocrx_word' id='word_1_140' title='bbox 253 1838 357 1914; x_wconf 86' lang='lat' dir='ltr'><strong>Neque</strong></span> <span class='ocrx_word' id='word_1_141' title='bbox 376 1838 407 1896; x_wconf 94' lang='lat' dir='ltr'><strong>id</strong></span> <span class='ocrx_word' id='word_1_142' title='bbox 425 1838 513 1897; x_wconf 93' lang='lat' dir='ltr'><strong>hodie</strong></span> <span class='ocrx_word' id='word_1_143' title='bbox 532 1838 643 1896; x_wconf 89' lang='lat' dir='ltr'><strong>Romae</strong></span> <span class='ocrx_word' id='word_1_144' title='bbox 662 1839 791 1913; x_wconf 90' lang='lat' dir='ltr'><strong>perspici</strong></span> <span class='ocrx_word' id='word_1_145' title='bbox 808 1841 916 1913; x_wconf 87' lang='lat' dir='ltr'><strong>potest,</strong></span> <span class='ocrx_word' id='word_1_146' title='bbox 935 1855 1002 1896; x_wconf 91' lang='lat' dir='ltr'><strong>cum</strong></span> <span class='ocrx_word' id='word_1_147' title='bbox 1020 1856 1125 1894; x_wconf 90' lang='lat' dir='ltr'><strong>unum-</strong></span> 
     </span>
     <span class='ocr_line' id='line_1_20' title="bbox 109 1924 1125 2003; baseline -0.001 -18"><span class='ocrx_word' id='word_1_148' title='bbox 109 1926 247 2003; x_wconf 90' lang='lat' dir='ltr'><strong>quodque</strong></span> <span class='ocrx_word' id='word_1_149' title='bbox 256 1927 361 1986; x_wconf 83' lang='lat' dir='ltr'><strong>folium</strong></span> <span class='ocrx_word' id='word_1_150' title='bbox 372 1927 476 1987; x_wconf 85' lang='lat' dir='ltr'><strong>charta</strong></span> <span class='ocrx_word' id='word_1_151' title='bbox 491 1930 575 1986; x_wconf 89' lang='lat' dir='ltr'><strong>tenta</strong></span> <span class='ocrx_word' id='word_1_152' title='bbox 585 1927 791 1986; x_wconf 89' lang='lat' dir='ltr'><strong>circumdetur.</strong></span> <span class='ocrx_word' id='word_1_153' title='bbox 807 1924 1045 1985; x_wconf 82' lang='lat' dir='ltr'><strong>Consentaneum</strong></span> <span class='ocrx_word' id='word_1_154' title='bbox 1054 1944 1125 1984; x_wconf 89' lang='lat' dir='ltr'><strong>vero</strong></span> 
     </span>
     <span class='ocr_line' id='line_1_21' title="bbox 108 2015 1126 2092; baseline -0.002 -18"><span class='ocrx_word' id='word_1_155' title='bbox 108 2019 153 2074; x_wconf 90' lang='lat' dir='ltr'><strong>est</strong></span> <span class='ocrx_word' id='word_1_156' title='bbox 170 2017 202 2073; x_wconf 93' lang='lat' dir='ltr'><strong>in</strong></span> <span class='ocrx_word' id='word_1_157' title='bbox 220 2017 259 2074; x_wconf 89' lang='lat' dir='ltr'><strong>iis</strong></span> <span class='ocrx_word' id='word_1_158' title='bbox 277 2016 367 2091; x_wconf 82' lang='lat' dir='ltr'><strong>foliis,</strong></span> <span class='ocrx_word' id='word_1_159' title='bbox 387 2016 495 2092; x_wconf 90' lang='lat' dir='ltr'><strong>quibus</strong></span> <span class='ocrx_word' id='word_1_160' title='bbox 509 2016 634 2075; x_wconf 89' lang='lat' dir='ltr'><strong>inversis</strong></span> <span class='ocrx_word' id='word_1_161' title='bbox 648 2016 810 2074; x_wconf 89' lang='lat' dir='ltr'><strong>monachus</strong></span> <span class='ocrx_word' id='word_1_162' title='bbox 824 2033 894 2074; x_wconf 89' lang='lat' dir='ltr'><strong>usus</strong></span> <span class='ocrx_word' id='word_1_163' title='bbox 910 2017 963 2088; x_wconf 87' lang='lat' dir='ltr'><strong>est,</strong></span> <span class='ocrx_word' id='word_1_164' title='bbox 981 2015 1126 2073; x_wconf 88' lang='lat' dir='ltr'><strong>maiorem</strong></span> 
     </span>
     <span class='ocr_line' id='line_1_22' title="bbox 107 2102 1127 2180; baseline -0.001 -17"><span class='ocrx_word' id='word_1_165' title='bbox 107 2124 264 2164; x_wconf 89' lang='lat' dir='ltr'><strong>numerum</strong></span> <span class='ocrx_word' id='word_1_166' title='bbox 291 2105 467 2180; x_wconf 89' lang='lat' dir='ltr'><strong>praecedere</strong></span> <span class='ocrx_word' id='word_1_167' title='bbox 494 2107 616 2179; x_wconf 82' lang='lat' dir='ltr'><strong>minori,</strong></span> <span class='ocrx_word' id='word_1_168' title='bbox 640 2104 711 2180; x_wconf 88' lang='lat' dir='ltr'><strong>qula</strong></span> <span class='ocrx_word' id='word_1_169' title='bbox 739 2123 878 2162; x_wconf 87' lang='lat' dir='ltr'><strong>numerus</strong></span> <span class='ocrx_word' id='word_1_170' title='bbox 900 2105 964 2178; x_wconf 91' lang='lat' dir='ltr'><strong>ipse</strong></span> <span class='ocrx_word' id='word_1_171' title='bbox 987 2102 1057 2161; x_wconf 92' lang='lat' dir='ltr'><strong>libri</strong></span> <span class='ocrx_word' id='word_1_172' title='bbox 1082 2106 1127 2162; x_wconf 86' lang='lat' dir='ltr'><strong>est</strong></span> 
     </span>
     <span class='ocr_line' id='line_1_23' title="bbox 108 2191 1126 2269; baseline -0.002 -18"><span class='ocrx_word' id='word_1_173' title='bbox 108 2193 338 2269; x_wconf 78' lang='lat' dir='ltr'><strong>descriptionem</strong></span> <span class='ocrx_word' id='word_1_174' title='bbox 366 2193 485 2253; x_wconf 90' lang='lat' dir='ltr'><strong>concilii</strong></span> <span class='ocrx_word' id='word_1_175' title='bbox 513 2193 700 2252; x_wconf 87' lang='lat' dir='ltr'><strong>continentis.</strong></span> <span class='ocrx_word' id='word_1_176' title='bbox 746 2193 789 2251; x_wconf 77' lang='lat' dir='ltr'><strong>As</strong></span> <span class='ocrx_word' id='word_1_177' title='bbox 815 2192 846 2250; x_wconf 90' lang='lat' dir='ltr'><strong>in</strong></span> <span class='ocrx_word' id='word_1_178' title='bbox 870 2191 1032 2267; x_wconf 86' lang='lat' dir='ltr'><strong>exemplari</strong></span> <span class='ocrx_word' id='word_1_179' title='bbox 1054 2191 1126 2249; x_wconf 88' lang='lat' dir='ltr'><strong>Am-</strong></span> 
     </span>
     <span class='ocr_line' id='line_1_24' title="bbox 107 2281 1127 2355; baseline -0.003 -14"><span class='ocrx_word' id='word_1_180' title='bbox 107 2282 247 2341; x_wconf 87' lang='lat' dir='ltr'><strong>brosiano</strong></span> <span class='ocrx_word' id='word_1_181' title='bbox 271 2282 347 2340; x_wconf 86' lang='lat' dir='ltr'><strong>duae</strong></span> <span class='ocrx_word' id='word_1_182' title='bbox 372 2284 460 2340; x_wconf 89' lang='lat' dir='ltr'><strong>series</strong></span> <span class='ocrx_word' id='word_1_183' title='bbox 486 2300 676 2341; x_wconf 90' lang='lat' dir='ltr'><strong>numerorum</strong></span> <span class='ocrx_word' id='word_1_184' title='bbox 700 2285 782 2340; x_wconf 87' lang='lat' dir='ltr'><strong>sunt:</strong></span> <span class='ocrx_word' id='word_1_185' title='bbox 810 2300 870 2339; x_wconf 89' lang='lat' dir='ltr'><strong>una</strong></span> <span class='ocrx_word' id='word_1_186' title='bbox 894 2281 1014 2340; x_wconf 83' lang='lat' dir='ltr'><strong>arabica</strong></span> <span class='ocrx_word' id='word_1_187' title='bbox 1036 2281 1127 2355; x_wconf 88' lang='lat' dir='ltr'><strong>plane</strong></span> 
     </span>
     <span class='ocr_line' id='line_1_25' title="bbox 107 2369 1127 2448; baseline -0.001 -19"><span class='ocrx_word' id='word_1_188' title='bbox 107 2373 143 2429; x_wconf 87' lang='lat' dir='ltr'><strong>ut</strong></span> <span class='ocrx_word' id='word_1_189' title='bbox 170 2371 202 2429; x_wconf 92' lang='lat' dir='ltr'><strong>in</strong></span> <span class='ocrx_word' id='word_1_190' title='bbox 230 2370 377 2430; x_wconf 85' lang='lat' dir='ltr'><strong>Vaticano</strong></span> <span class='ocrx_word' id='word_1_191' title='bbox 405 2372 532 2448; x_wconf 87' lang='lat' dir='ltr'><strong>pagina-s</strong></span> <span class='ocrx_word' id='word_1_192' title='bbox 561 2371 767 2446; x_wconf 86' lang='lat' dir='ltr'><strong>descriptionis</strong></span> <span class='ocrx_word' id='word_1_193' title='bbox 801 2370 920 2428; x_wconf 90' lang='lat' dir='ltr'><strong>concilii</strong></span> <span class='ocrx_word' id='word_1_194' title='bbox 947 2369 1127 2446; x_wconf 89' lang='lat' dir='ltr'><strong>significans,</strong></span> 
     </span>
     <span class='ocr_line' id='line_1_26' title="bbox 109 2459 1128 2518; baseline -0.002 0"><span class='ocrx_word' id='word_1_195' title='bbox 109 2460 205 2518; x_wconf 87' lang='lat' dir='ltr'><strong>altera</strong></span> <span class='ocrx_word' id='word_1_196' title='bbox 228 2459 376 2518; x_wconf 87' lang='lat' dir='ltr'><strong>Romana:</strong></span> <span class='ocrx_word' id='word_1_197' title='bbox 399 2459 472 2517; x_wconf 88' lang='lat' dir='ltr'><strong>haec</strong></span> <span class='ocrx_word' id='word_1_198' title='bbox 491 2463 606 2517; x_wconf 88' lang='lat' dir='ltr'><strong>rectum</strong></span> <span class='ocrx_word' id='word_1_199' title='bbox 624 2459 756 2518; x_wconf 89' lang='lat' dir='ltr'><strong>ordinem</strong></span> <span class='ocrx_word' id='word_1_200' title='bbox 776 2459 956 2518; x_wconf 90' lang='lat' dir='ltr'><strong>scholiorum</strong></span> <span class='ocrx_word' id='word_1_201' title='bbox 974 2460 1036 2517; x_wconf 90' lang='lat' dir='ltr'><strong>sive</strong></span> <span class='ocrx_word' id='word_1_202' title='bbox 1056 2476 1128 2517; x_wconf 87' lang='lat' dir='ltr'><strong>casu</strong></span> 
     </span>
     <span class='ocr_line' id='line_1_27' title="bbox 110 2546 1127 2625; baseline -0.003 -18"><span class='ocrx_word' id='word_1_203' title='bbox 110 2548 172 2607; x_wconf 87' lang='lat' dir='ltr'><strong>sive</strong></span> <span class='ocrx_word' id='word_1_204' title='bbox 199 2547 412 2623; x_wconf 85' lang='lat' dir='ltr'><strong>conputatione</strong></span> <span class='ocrx_word' id='word_1_205' title='bbox 439 2549 521 2607; x_wconf 85' lang='lat' dir='ltr'><strong>facta</strong></span> <span class='ocrx_word' id='word_1_206' title='bbox 548 2548 705 2607; x_wconf 90' lang='lat' dir='ltr'><strong>inventum</strong></span> <span class='ocrx_word' id='word_1_207' title='bbox 734 2548 890 2625; x_wconf 86' lang='lat' dir='ltr'><strong>significat.</strong></span> <span class='ocrx_word' id='word_1_208' title='bbox 936 2546 1031 2616; x_wconf 85' lang='lat' dir='ltr'><strong>Quam</strong></span> <span class='ocrx_word' id='word_1_209' title='bbox 1060 2546 1127 2622; x_wconf 91' lang='lat' dir='ltr'><strong>quis</strong></span> 
     </span>
     <span class='ocr_line' id='line_1_28' title="bbox 110 2634 1128 2712; baseline -0.001 -16"><span class='ocrx_word' id='word_1_210' title='bbox 110 2637 266 2710; x_wconf 86' lang='lat' dir='ltr'><strong>adiecerit,</strong></span> <span class='ocrx_word' id='word_1_211' title='bbox 293 2636 369 2694; x_wconf 89' lang='lat' dir='ltr'><strong>mihi</strong></span> <span class='ocrx_word' id='word_1_212' title='bbox 396 2637 515 2712; x_wconf 91' lang='lat' dir='ltr'><strong>quidem</strong></span> <span class='ocrx_word' id='word_1_213' title='bbox 543 2637 667 2695; x_wconf 89' lang='lat' dir='ltr'><strong>dubium</strong></span> <span class='ocrx_word' id='word_1_214' title='bbox 693 2637 824 2711; x_wconf 88' lang='lat' dir='ltr'><strong>videtur,</strong></span> <span class='ocrx_word' id='word_1_215' title='bbox 853 2656 920 2695; x_wconf 91' lang='lat' dir='ltr'><strong>cum</strong></span> <span class='ocrx_word' id='word_1_216' title='bbox 942 2634 1040 2694; x_wconf 89' lang='lat' dir='ltr'><strong>Maius</strong></span> <span class='ocrx_word' id='word_1_217' title='bbox 1064 2636 1128 2712; x_wconf 89' lang='lat' dir='ltr'><strong>ipse</strong></span> 
     </span>
     <span class='ocr_line' id='line_1_29' title="bbox 110 2723 1128 2801; baseline -0.002 -17"><span class='ocrx_word' id='word_1_218' title='bbox 110 2744 299 2784; x_wconf 90' lang='lat' dir='ltr'><strong>numerorum</strong></span> <span class='ocrx_word' id='word_1_219' title='bbox 329 2724 462 2784; x_wconf 88' lang='lat' dir='ltr'><strong>ordinem</strong></span> <span class='ocrx_word' id='word_1_220' title='bbox 490 2745 549 2784; x_wconf 92' lang='lat' dir='ltr'><strong>non</strong></span> <span class='ocrx_word' id='word_1_221' title='bbox 573 2729 723 2801; x_wconf 84' lang='lat' dir='ltr'><strong>sequatur,</strong></span> <span class='ocrx_word' id='word_1_222' title='bbox 746 2745 849 2785; x_wconf 89' lang='lat' dir='ltr'><strong>verum</strong></span> <span class='ocrx_word' id='word_1_223' title='bbox 873 2725 1038 2784; x_wconf 88' lang='lat' dir='ltr'><strong>orationem</strong></span> <span class='ocrx_word' id='word_1_224' title='bbox 1062 2723 1128 2782; x_wconf 82' lang='lat' dir='ltr'><strong>Sul·</strong></span> 
     </span>
     <span class='ocr_line' id='line_1_30' title="bbox 109 2812 1130 2894; baseline 0 -23"><span class='ocrx_word' id='word_1_225' title='bbox 109 2815 212 2873; x_wconf 86' lang='lat' dir='ltr'><strong>lanam</strong></span> <span class='ocrx_word' id='word_1_226' title='bbox 233 2815 266 2871; x_wconf 86' lang='lat' dir='ltr'><strong>in</strong></span> <span class='ocrx_word' id='word_1_227' title='bbox 288 2813 400 2894; x_wconf 79' lang='lat' dir='ltr'><strong>pagina</strong></span> <span class='ocrx_word' id='word_1_228' title='bbox 422 2814 439 2872; x_wconf 95' lang='lat' dir='ltr'>I</span> <span class='ocrx_word' id='word_1_229' title='bbox 460 2815 653 2890; x_wconf 85' lang='lat' dir='ltr'><strong>incipientem</strong></span> <span class='ocrx_word' id='word_1_230' title='bbox 675 2817 743 2890; x_wconf 90' lang='lat' dir='ltr'><strong>post</strong></span> <span class='ocrx_word' id='word_1_231' title='bbox 762 2814 912 2873; x_wconf 87' lang='lat' dir='ltr'><strong>orationes</strong></span> <span class='ocrx_word' id='word_1_232' title='bbox 934 2815 966 2871; x_wconf 94' lang='lat' dir='ltr'><strong>in</strong></span> <span class='ocrx_word' id='word_1_233' title='bbox 990 2812 1130 2871; x_wconf 75' lang='lat' dir='ltr'><strong>Clodium</strong></span> 
     </span>
     <span class='ocr_line' id='line_1_31' title="bbox 111 2901 1128 2981; baseline -0.001 -20"><span class='ocrx_word' id='word_1_234' title='bbox 111 2906 141 2961; x_wconf 92' lang='lat' dir='ltr'><strong>et</strong></span> <span class='ocrx_word' id='word_1_235' title='bbox 164 2901 322 2962; x_wconf 80' lang='lat' dir='ltr'><strong>curionem</strong></span> <span class='ocrx_word' id='word_1_236' title='bbox 345 2905 377 2961; x_wconf 91' lang='lat' dir='ltr'><strong>in</strong></span> <span class='ocrx_word' id='word_1_237' title='bbox 399 2904 511 2981; x_wconf 83' lang='lat' dir='ltr'><strong>pagina</strong></span> <span class='ocrx_word' id='word_1_238' title='bbox 530 2903 582 2979; x_wconf 89' lang='lat' dir='ltr'><strong>VI,</strong></span> <span class='ocrx_word' id='word_1_239' title='bbox 606 2903 641 2961; x_wconf 93' lang='lat' dir='ltr'><strong>de</strong></span> <span class='ocrx_word' id='word_1_240' title='bbox 665 2922 733 2961; x_wconf 87' lang='lat' dir='ltr'><strong>aere</strong></span> <span class='ocrx_word' id='word_1_241' title='bbox 757 2903 854 2961; x_wconf 87' lang='lat' dir='ltr'><strong>alieno</strong></span> <span class='ocrx_word' id='word_1_242' title='bbox 879 2901 998 2961; x_wconf 88' lang='lat' dir='ltr'><strong>Milonis</strong></span> <span class='ocrx_word' id='word_1_243' title='bbox 1020 2903 1053 2959; x_wconf 91' lang='lat' dir='ltr'><strong>in</strong></span> <span class='ocrx_word' id='word_1_244' title='bbox 1076 2920 1128 2979; x_wconf 85' lang='lat' dir='ltr'><strong>pa-</strong></span> 
     </span>
     <span class='ocr_line' id='line_1_32' title="bbox 111 2990 1129 3070; baseline -0.001 -21"><span class='ocrx_word' id='word_1_245' title='bbox 111 2992 182 3068; x_wconf 84' lang='lat' dir='ltr'><strong>gina</strong></span> <span class='ocrx_word' id='word_1_246' title='bbox 201 2991 338 3067; x_wconf 88' lang='lat' dir='ltr'>LXVIII,</span> <span class='ocrx_word' id='word_1_247' title='bbox 361 2993 398 3052; x_wconf 88' lang='lat' dir='ltr'><strong>de</strong></span> <span class='ocrx_word' id='word_1_248' title='bbox 420 3012 490 3070; x_wconf 87' lang='lat' dir='ltr'><strong>rege</strong></span> <span class='ocrx_word' id='word_1_249' title='bbox 513 2992 715 3051; x_wconf 76' lang='lat' dir='ltr'><strong>Alexandmno</strong></span> <span class='ocrx_word' id='word_1_250' title='bbox 737 2992 769 3050; x_wconf 85' lang='lat' dir='ltr'><strong>in</strong></span> <span class='ocrx_word' id='word_1_251' title='bbox 788 2993 899 3068; x_wconf 86' lang='lat' dir='ltr'><strong>pagina</strong></span> <span class='ocrx_word' id='word_1_252' title='bbox 913 2990 1051 3064; x_wconf 87' lang='lat' dir='ltr'>XXXHI,</span> <span class='ocrx_word' id='word_1_253' title='bbox 1074 3010 1129 3067; x_wconf 92' lang='lat' dir='ltr'><strong>pro</strong></span> 
     </span>
     <span class='ocr_line' id='line_1_33' title="bbox 111 3079 1129 3158; baseline -0.002 -20"><span class='ocrx_word' id='word_1_254' title='bbox 111 3080 223 3140; x_wconf 83' lang='lat' dir='ltr'><strong>Archia</strong></span> <span class='ocrx_word' id='word_1_255' title='bbox 245 3082 277 3139; x_wconf 90' lang='lat' dir='ltr'><strong>in</strong></span> <span class='ocrx_word' id='word_1_256' title='bbox 300 3081 412 3158; x_wconf 86' lang='lat' dir='ltr'><strong>pagina</strong></span> <span class='ocrx_word' id='word_1_257' title='bbox 434 3080 557 3138; x_wconf 87' lang='lat' dir='ltr'>LXXIX</span> <span class='ocrx_word' id='word_1_258' title='bbox 580 3081 756 3157; x_wconf 85' lang='lat' dir='ltr'><strong>incipientes</strong></span> <span class='ocrx_word' id='word_1_259' title='bbox 779 3082 812 3138; x_wconf 90' lang='lat' dir='ltr'><strong>in</strong></span> <span class='ocrx_word' id='word_1_260' title='bbox 831 3081 967 3139; x_wconf 90' lang='lat' dir='ltr'><strong>omnibus</strong></span> <span class='ocrx_word' id='word_1_261' title='bbox 991 3079 1129 3138; x_wconf 83' lang='lat' dir='ltr'><strong>adltioni·</strong></span> 
     </span>
     <span class='ocr_line' id='line_1_34' title="bbox 112 3169 1131 3246; baseline 0.001 -20"><span class='ocrx_word' id='word_1_262' title='bbox 112 3169 169 3228; x_wconf 89' lang='lat' dir='ltr'><strong>bus</strong></span> <span class='ocrx_word' id='word_1_263' title='bbox 201 3173 302 3246; x_wconf 87' lang='lat' dir='ltr'><strong>ponat.</strong></span> <span class='ocrx_word' id='word_1_264' title='bbox 369 3170 475 3245; x_wconf 90' lang='lat' dir='ltr'><strong>Itaque</strong></span> <span class='ocrx_word' id='word_1_265' title='bbox 516 3171 547 3227; x_wconf 94' lang='lat' dir='ltr'><strong>in</strong></span> <span class='ocrx_word' id='word_1_266' title='bbox 588 3169 764 3246; x_wconf 87' lang='lat' dir='ltr'><strong>fragmentis</strong></span> <span class='ocrx_word' id='word_1_267' title='bbox 801 3169 1007 3228; x_wconf 86' lang='lat' dir='ltr'><strong>Ambrosianis</strong></span> <span class='ocrx_word' id='word_1_268' title='bbox 1043 3169 1131 3227; x_wconf 82' lang='lat' dir='ltr'><strong>iuxta</strong></span> 
     </span>
     <span class='ocr_line' id='line_1_35' title="bbox 112 3257 1131 3335; baseline 0 -20"><span class='ocrx_word' id='word_1_269' title='bbox 112 3278 249 3318; x_wconf 91' lang='lat' dir='ltr'><strong>numeros</strong></span> <span class='ocrx_word' id='word_1_270' title='bbox 268 3258 403 3318; x_wconf 86' lang='lat' dir='ltr'><strong>arabicos</strong></span> <span class='ocrx_word' id='word_1_271' title='bbox 422 3259 581 3333; x_wconf 83' lang='lat' dir='ltr'><strong>Romanos,</strong></span> <span class='ocrx_word' id='word_1_272' title='bbox 600 3259 650 3335; x_wconf 89' lang='lat' dir='ltr'><strong>qui</strong></span> <span class='ocrx_word' id='word_1_273' title='bbox 672 3258 789 3318; x_wconf 89' lang='lat' dir='ltr'><strong>easdem</strong></span> <span class='ocrx_word' id='word_1_274' title='bbox 807 3261 933 3334; x_wconf 88' lang='lat' dir='ltr'><strong>paginas</strong></span> <span class='ocrx_word' id='word_1_275' title='bbox 952 3257 1131 3335; x_wconf 86' lang='lat' dir='ltr'><strong>significant,</strong></span> 
     </span>
     <span class='ocr_line' id='line_1_36' title="bbox 113 3365 246 3422; baseline 0.015 -18"><span class='ocrx_word' id='word_1_276' title='bbox 113 3365 246 3422; x_wconf 80' lang='lat' dir='ltr'><strong>apposui.</strong></span> 
     </span>
    </p>
   </div>
   <div class='ocr_carea' id='block_1_6' title="bbox 186 3535 647 3604">
    <p class='ocr_par' dir='ltr' id='par_1_7' title="bbox 186 3535 647 3604">
     <span class='ocr_line' id='line_1_37' title="bbox 186 3535 647 3604; baseline 0.004 -17"><span class='ocrx_word' id='word_1_277' title='bbox 186 3537 211 3604; x_wconf 87' lang='lat'><strong>1)</strong></span> <span class='ocrx_word' id='word_1_278' title='bbox 232 3535 274 3602; x_wconf 79' lang='lat' dir='ltr'><strong>of.</strong></span> <span class='ocrx_word' id='word_1_279' title='bbox 294 3536 398 3590; x_wconf 78' lang='lat' dir='ltr'><strong>dissert.</strong></span> <span class='ocrx_word' id='word_1_280' title='bbox 417 3553 490 3590; x_wconf 71' lang='lat' dir='ltr'><strong>ccccc</strong></span> <span class='ocrx_word' id='word_1_281' title='bbox 508 3551 568 3603; x_wconf 82' lang='lat' dir='ltr'><strong>cop.</strong></span> <span class='ocrx_word' id='word_1_282' title='bbox 588 3537 647 3589; x_wconf 90' lang='grc' dir='ltr'><strong><em>ΙΙΙ.</em></strong></span> 
     </span>
    </p>
   </div>
   <div class='ocr_carea' id='block_1_7' title="bbox 0 0 1245 3816">
    <p class='ocr_par' dir='ltr' id='par_1_8' title="bbox 0 0 1245 3816">
     <span class='ocr_line' id='line_1_38' title="bbox 0 0 1245 3816; baseline 0 0"><span class='ocrx_word' id='word_1_283' title='bbox 0 0 1245 3816; x_wconf 95' lang='lat' dir='ltr'><strong> </strong></span> 
     </span>
    </p>
   </div>
  </div>
 </body>
</html>
