2460 3816
274 156 346 213 rao
370 157 496 214 sessio
516 157 785 214 maustauron.
819 164 877 226 sa.
1039 135 1083 224 8'3

67 347 122 403 per
145 328 323 402 qualitatem
346 327 454 403 speciei
478 327 604 403 duplicis
743 327 822 386 Nam
844 328 1004 387 relativum
1027 328 1083 388 hoc

68 417 139 489 erit,
184 417 262 475 iuste
307 418 338 475 et
382 418 488 476 merito
529 416 667 476 habuisse
708 418 892 476 armatorum
932 417 1083 492 praesidia

68 504 100 562 P.
126 504 268 580 Sestium,
304 507 339 563 ut
372 503 529 564 Clodianos
566 506 694 581 impetus
727 505 778 564 ab·
796 506 851 564 illa
882 505 1082 581 dimicatione,

67 613 158 670 quam
190 593 287 652 facere
319 597 469 670 coeperat,
500 593 702 670 submoveret3
733 593 810 652 illud
841 613 911 653 vero
943 594 982 653 ad
1014 614 1082 654 con-

40 683 274 757 spensationem
296 683 437 757 refertur,
460 703 513 759 pro
536 682 615 742 bona
633 700 723 743 causa
741 685 772 742 et
793 685 838 741 rei
860 703 888 758 p.
907 685 1081 758 necessaria,

67 772 186 830 etiamsi
217 774 347 830 armatos
378 771 529 846 habuerit,
563 773 735 848 inpunitum
766 791 828 832 esse
860 772 978 847 debere,
1015 791 1082 830 cum

67 860 303 919 benemeritam
327 860 362 918 de
385 862 481 920 salute
504 863 621 936 patriae
644 863 739 920 civem
765 862 884 921 restitui
907 860 997 920 vellet
1020 879 1080 920 om·

67 951 151 1007 nium
187 948 306 1008 favente
343 968 494 1009 consensu.
553 948 639 1008 Hane
670 951 764 1028 igitur
801 951 925 1009 eandem
961 968 1081 1008 causam

66 1039 189 1113 plurimi
207 1038 411 1113 defenderunt,
430 1040 462 1096 in
481 1040 547 1113 quis
566 1039 625 1097 fuit
644 1036 676 1108 Q.
690 1038 878 1112 Hortensius,
896 1039 935 1097 M.
949 1037 1080 1114 Crassus,

26 1150 52 1188 ro
66 1126 99 1184 L.
122 1125 255 1186 Licinius
280 1124 388 1187 Calvus
415 1127 550 1203 partibus
578 1129 657 1186 inter
684 1146 715 1187 se
738 1128 918 1202 distributis,
948 1146 1020 1203 quas
1047 1129 1080 1187 in

66 1215 181 1293 agendo
206 1218 367 1274 tuerentur.
404 1216 511 1292 Itaque
534 1217 650 1275 Tullius
674 1235 709 1275 ea
731 1218 895 1293 peroravit,
924 1236 999 1292 quae
1023 1217 1079 1275 sibi

66 1304 185 1362 fuerant
213 1305 387 1380 explicanda
414 1324 481 1379 nec,
508 1308 542 1363 ut
563 1305 698 1387 plerique
721 1305 860 1364 arbitrati
886 1308 968 1380 sunt,
997 1309 1080 1364 extra

66 1411 186 1452 causam
212 1395 339 1471 vagatus
369 1396 421 1452 est.
472 1391 613 1461 Quamvis
642 1396 721 1452 enim
749 1396 875 1454 sciamus
984 1395 1079 1453 multa

66 1480 236 1541 Ciceronem
263 1482 311 1541 vel
343 1484 456 1541 iratum
484 1483 532 1541 vel
564 1483 712 1542 dolentem
741 1484 776 1542 de
803 1482 989 1559 passionibus
1017 1484 1078 1542 suis

25 1593 50 1632 1⁶
65 1571 146 1629 ultra
167 1589 261 1646 paene
285 1590 374 1646 quam
396 1590 443 1631 res
466 1574 601 1647 posceret
623 1590 801 1650 exaggerare
825 1572 954 1647 solitum,
978 1573 1079 1631 tamen

65 1660 144 1736 quod
180 1659 229 1719 hic
264 1661 380 1735 prolixa
414 1661 542 1735 quadam
573 1660 823 1720 turbulentissimi
854 1661 996 1735 temporis
1029 1660 1078 1719 de·

64 1749 225 1823 scriptione
258 1749 386 1807 multum
423 1750 582 1809 voluminis
619 1752 757 1824 occupat,
793 1768 853 1808 non
889 1748 1078 1808 mediocriter

64 1838 182 1896 videtur
201 1837 240 1896 ad
261 1856 400 1914 praesens
419 1839 573 1916 negotium
590 1840 746 1913 pertinere.
784 1835 989 1897 Ostendendae
1008 1841 1078 1896 sunt

64 1928 144 1985 enim
171 1926 202 1983 P.
233 1925 330 1986 Clodii
358 1926 516 1985 seditiosae
547 1927 793 2003 turbulentaeque
820 1927 903 1986 illius
934 1929 1077 2002 temporis
1119 1990 1122 1996 ,

23 2039 49 2079 ao
64 2016 195 2074 actiones
226 2018 256 2073 et
282 2017 422 2089 inimiae,
451 2033 524 2090 quas
556 2017 621 2090 ipse
646 2014 746 2074 Cicero
778 2033 935 2091 perpessus
967 2017 1019 2089 sit,
1048 2019 1078 2075 et
1145 2081 1148 2089 ,

63 2105 224 2179 utilitates,
255 2123 327 2180 quas
350 2106 383 2161 in
405 2104 488 2163 illius
515 2106 703 2163 restitutione
726 2106 826 2182 patria
849 2106 1005 2164 consecuta
1028 2106 1077 2179 sit,

63 2196 97 2252 ut
119 2196 198 2252 recte
221 2212 255 2252 ac
278 2194 442 2252 necessario
465 2192 496 2250 P.
522 2191 634 2252 Sestius
663 2197 792 2254 armatos
816 2193 954 2253 habuisse
976 2193 1076 2252 videa-

62 2285 112 2341 tur
129 2277 207 2360 <ac>
229 2285 387 2358 propterea
409 2283 449 2340 sit
471 2283 599 2341 maxime
622 2285 786 2359 praesentis
806 2283 938 2341 criminis
961 2282 1077 2342 invidia

62 2370 241 2429 liberandus.
300 2371 399 2430 Multa
431 2371 551 2446 quidem
584 2371 617 2430 in
640 2373 784 2432 orationis
822 2389 909 2430 cursu
945 2375 1075 2447 praeter·

23 2482 48 2522 aa
62 2462 229 2535 mittemus,
251 2479 326 2535 quae
349 2463 472 2536 propter
494 2461 722 2519 similitudinem
745 2479 851 2520 causae
873 2461 906 2518 in
929 2478 1074 2518 commen·

62 2551 140 2607 tario
158 2567 320 2624 proxumae
339 2551 482 2609 orationis
502 2549 697 2608 ostendimus:
721 2568 845 2628 ergone
865 2551 1075 2624 expectaveris,
1164 2590 1167 2595 .

62 2641 106 2711 ut,
130 2637 224 2697 sicubi
248 2637 395 2712 inciderit,
418 2639 521 2697 eadem
544 2657 645 2697 rursus
668 2640 817 2697 iteremus.

390 2752 520 2825 (Desunt
541 2753 584 2810 ΙΙ
597 2752 750 2827 popinae.)

213 2868 322 2942 facere,
355 2886 445 2942 quam
477 2868 640 2941 separatim
672 2866 730 2924 sibi
761 2866 973 2940 depoposcerat
1009 2884 1073 2924 exe·
1093 2868 1108 2927 ἓ
1127 2868 1151 2917 ⁶·

21 2978 48 3018 sc
61 2955 217 3032 quendam.
273 2953 388 3031 Quippe
420 2957 446 3015 si
477 2956 663 3029 responsioni
691 2955 848 3012 criminum
876 2954 912 3013 ab
939 2955 991 3028 iis,
1021 2957 1074 3029 qni

130 3132 142 3178 1
164 3123 271 3193 species
287 3126 311 3180 0
362 3125 412 3179 luc.
423 3125 542 3193 dom-t·
558 3141 605 3178 ua.
616 3125 664 3178 lia.
675 3149 708 3168 =
724 3127 760 3177 32
775 3124 826 3178 titt.
848 3123 1073 3190 ἀντεγκλήματοε

61 3202 106 3251 καὶ
121 3199 301 3252 ἀντιετάεεω(
314 3198 404 3265 salppl.
414 3196 456 3266 Zp
529 3200 561 3248 13
582 3196 630 3249 luc.
642 3195 691 3266 5¹s,
704 3211 752 3249 cm.
763 3221 796 3239 =
813 3199 849 3248 12
862 3196 913 3249 litt.
928 3197 958 3249 ἐν
973 3212 1072 3262 παρεκ-

62 3271 135 3335 βάεει
157 3270 246 3336 suppl.
261 3269 303 3339 Zp
389 3273 422 3321 15
445 3268 601 3336 poceretO
685 3272 717 3319 16
744 3265 1004 3334 descriptionemO

62 3398 94 3444 17
108 3391 288 3448 uolumnisC
350 3398 382 3446 19
396 3390 575 3446 turbulentae
590 3389 677 3458 quiG
738 3395 772 3444 20
787 3389 856 3445 edo
908 3339 1018 3444 c¹ceao

60 3464 98 3516 sis
119 3463 152 3529 Ο,
171 3479 238 3517 corr.
253 3465 295 3534 Zp
366 3469 399 3516 21
418 3462 654 3517 restitutionesO
728 3466 761 3515 23
780 3461 862 3532 <aab
878 3461 914 3514 St
981 3464 1023 3505 <m
1034 3459 1093 3502 bias

60 3538 91 3589 ia
111 3535 330 3589 climenciae
348 3541 387 3590 est
929 3604 962 3655 Q
