2460 3816
144 183 210 246 276

144 341 312 408 Corinthius,
331 339 424 395 incola
437 339 516 393 urbis
530 339 626 394 Corin-

162 413 205 467 thi
228 413 259 465 in
276 413 382 466 Isthmo
407 411 479 465 sitae
496 428 567 466 eom.
586 413 624 478 pl.

165 490 205 550 12,
217 499 251 537 21.

145 553 305 610 Corinthius
324 553 402 607 sinus
420 569 491 607 acm.
507 558 550 620 36,
560 567 580 607 9.

145 626 174 680 C.
203 625 346 679 Cornelius
374 626 522 677 accusatus
553 625 582 677 et
609 640 627 677 a

163 697 295 751 Cicerone
336 694 466 750 defensus
507 694 625 766 (689s65)

163 770 216 823 obl.
237 773 297 831 113,
307 782 341 821 11.

145 840 175 892 L.
187 838 351 907 (Cornelius)
366 837 471 891 Balbus
486 837 627 906 subscrip-

163 914 208 963 tor
226 909 259 962 D.
278 908 377 975 Laelii,
400 908 572 963 accusatoris
596 909 625 961 L.

162 979 271 1035 Valerii
295 979 390 1033 Flacci
408 979 544 1058 .(⁶95s59)
573 981 625 1033 abl.

166 1057 209 1119 33,
220 1067 239 1104 2.

146 1122 174 1176 C.
194 1121 359 1192 (Cornelius)
388 1120 528 1190 Cethegus
556 1138 574 1174 a
596 1121 625 1176 L.

163 1192 285 1247 Aemilio
296 1192 385 1246 Paulo
402 1195 496 1262 (quem
509 1194 545 1261 c.)
563 1192 627 1261 lege

163 1265 278 1318 Plautia
327 1265 362 1317 de
406 1263 434 1317 vi
479 1265 627 1317 accusatus

164 1337 290 1406 (691163)
319 1351 373 1388 acc.
401 1340 501 1401 120,12
534 1335 628 1404 capite

164 1407 281 1475 punitus
299 1408 342 1459 est
360 1423 430 1461 nom.
448 1411 508 1473 120,
518 1421 551 1460 20.
573 1423 627 1460 acc.

166 1484 209 1545 96,
219 1493 252 1532 22.

146 1550 176 1602 L.
202 1547 366 1618 (Cornelius)
399 1547 488 1601 Cinna
520 1551 549 1602 et
580 1546 627 1601 Cn.

166 1619 298 1674 Octavius
317 1618 424 1672 bellum
449 1619 524 1672 inter
541 1635 571 1673 se
590 1619 629 1672 ci·

165 1691 221 1744 vile
248 1691 396 1760 gesserunt
421 1690 538 1762 (cessas)
556 1707 628 1745 nom.

166 1766 244 1829 68‚a.
277 1762 366 1815 victor
393 1778 457 1814 cum
485 1759 512 1815 C.
540 1760 629 1814 Mario

167 1833 389 1887 dominationem
434 1831 629 1902 gravissimam

166 1904 290 1957 exercuit
313 1905 366 1959 abl.
387 1908 429 1972 68,
444 1917 464 1958 t.
491 1903 629 1972 collegam

167 1975 214 2029 Cn.
231 1974 378 2028 Octavium
396 1975 540 2028 interfecit
557 1992 628 2029 aona.

167 2051 227 2111 162,
242 2061 262 2099 3.
292 2045 322 2098 P.
342 2045 481 2099 Licinium
501 2045 630 2099 Crassum

164 2117 332 2186 proscripsit
350 2118 403 2170 abl.
419 2122 507 2183 9210.

148 2188 177 2241 L.
198 2187 363 2256 (Cornelius)
387 2186 522 2241 Lentulus
540 2187 629 2257 (Crus)

165 2259 195 2312 P.
211 2257 340 2312 Clodium
359 2257 395 2311 de
420 2258 530 2312 incestu
549 2275 630 2313 accu-

167 2329 240 2382 savit
254 2328 371 2401 (693J61)
391 2331 443 2383 abl.
460 2335 502 2395 20,
513 2344 546 2384 15.
565 2332 631 2398 post

167 2399 265 2452 consul
289 2417 353 2453 cum
371 2398 399 2455 C.
419 2400 537 2454 Claudio
556 2400 630 2454 Mar-

168 2470 238 2524 cello
261 2471 317 2524 fuit
339 2470 629 2542 (confractarus.

150 2541 197 2595 Cn.
218 2540 383 2611 (Cornelius)
404 2542 538 2596 Lentulus
557 2544 631 2596 Mar-

168 2611 286 2666 cellinus
319 2612 486 2681 subscripsit
513 2614 542 2667 L.
567 2614 631 2668 Cor-

167 2683 242 2738 nelio
270 2684 389 2738 Lentulo
418 2683 497 2738 Cruri
519 2684 550 2739 P.
570 2685 631 2740 Clo-

168 2756 247 2808 dium
279 2756 314 2810 de
345 2755 454 2811 incestu
488 2757 632 2810 accusanti

169 2826 286 2899 (asalel)
315 2829 366 2882 abl.
386 2828 424 2896 pl.
444 2833 487 2895 96,
502 2844 535 2883 21.
568 2831 633 2896 post

168 2898 266 2952 consul
293 2916 357 2952 cum
385 2899 414 2952 L.
435 2899 541 2953 Marcio
566 2899 632 2952 Phi-

167 2969 247 3038 lippo
270 2969 326 3023 fuit
344 2970 462 3040 (cassos)
481 2971 537 3024 dat.
554 2976 596 3037 98,
610 2987 631 3024 4.

151 3041 181 3093 L.
193 3039 357 3110 (Cornelius)
374 3041 510 3095 Lentulus
524 3041 631 3111 (Niger)

170 3111 336 3180 subscripsit
362 3112 391 3164 L.
412 3111 538 3166 Cornelio
561 3113 633 3166 Len-

169 3183 229 3235 tulo
250 3181 328 3235 Cruri
346 3183 376 3236 P.
388 3182 517 3237 Clodium
536 3184 572 3238 de
589 3184 633 3237 in-

171 3255 249 3306 cestu
273 3255 419 3307 accusani
441 3256 631 3326 (693s61)abl.

169 3325 206 3390 pl.
225 3328 268 3389 26,
279 3339 311 3377 21.

152 3394 181 3447 P.
202 3393 366 3463 (Cornelius)
392 3395 528 3449 Lentulus
552 3396 634 3465 Spin-

163 3465 231 3516 ther
259 3465 319 3518 iam
353 3468 421 3520 ante
457 3467 634 3522 consulatum

146 3533 186 3586 M.
201 3533 351 3592 Ciceronis
370 3540 483 3596 amicus
500 3543 563 3596 erat
582 3543 636 3598 obl.

491 179 607 234 INDEX
629 179 814 234 NOMINUM.

698 345 780 408 7821.
800 357 864 393 cum
879 338 909 404 Q.
921 339 1035 392 Metello
1050 339 1163 408 Nepote

698 410 795 464 consul
809 410 864 464 fuit
878 410 996 480 (titillet)
1011 412 1064 466 abl.
1076 416 1161 478 8211.

698 498 731 535 eo
751 498 824 536 anno
844 482 938 535 omnia
958 499 1009 551 pro
1029 482 1163 538 Cicerone

698 553 757 623 egit
775 556 860 620 atque
875 553 962 606 etiam
975 553 1006 606 in
1020 553 1164 608 Albanum

699 625 844 678 contendit
868 624 904 677 ad
925 624 1091 693 Pompeium
1114 626 1164 680 de-

698 696 871 764 precandum
902 712 971 748 nom.
997 701 1039 764 78,
1059 711 1092 751 as.
1127 698 1164 750 ad

699 782 763 820 eum
782 766 887 835 scripta
913 766 1035 835 epistula
1054 767 1164 822 Cicero-

698 837 742 890 nis
762 837 879 908 (698f56)
898 837 1032 890 laudatur
1050 856 1104 893 ccc.
1121 845 1164 906 78,

699 923 732 962 aa.
753 909 852 962 eodem
872 925 944 961 anno
965 908 1081 979 (698J56)
1100 928 1164 964 cum

699 979 725 1032 ei
745 995 761 1032 a
780 982 880 1033 senatu
898 981 1064 1034 mandatum
1081 984 1163 1048 esset,

700 1051 732 1103 ut
758 1050 952 1105 Ptolemaeum
983 1052 1013 1104 in
1045 1047 1164 1121 regnum

700 1121 861 1176 restitueret
871 1123 926 1176 dot.
939 1128 1038 1188 113‚12‚
1052 1125 1164 1192 rogatio

702 1195 728 1260 (a
747 1192 784 1245 M.
802 1192 917 1261 Catone)
936 1193 997 1246 lata
1015 1197 1066 1261 est,
1086 1197 1119 1247 ut
1138 1197 1164 1248 ei

699 1263 849 1331 imperium
872 1264 987 1317 Ciliciae
1015 1265 1166 1334 abrogare·

699 1338 746 1387 tur
764 1352 818 1389 acc.
835 1341 920 1402 113,s.
940 1335 1015 1388 filius
1030 1337 1090 1391 eius
1104 1355 1164 1407 pce.

702 1411 761 1471 113,
773 1421 792 1459 2.

682 1476 712 1531 P.
733 1475 897 1545 (Cornelius)
917 1477 1052 1532 Lentulus
1072 1477 1166 1548 (Spin-

700 1548 773 1617 ther)
793 1564 875 1614 anno,
894 1565 950 1615 quo
969 1552 1051 1618 pater
1067 1551 1168 1604 consul

700 1619 757 1672 fuit
775 1618 906 1690 (eavea),
934 1622 1032 1689 togam
1056 1621 1166 1676 virilem

701 1694 730 1744 et
740 1694 893 1759 auguratus
903 1694 1081 1758 praetextam
1091 1710 1166 1745 sum-

722 1761 767 1815 sit.

684 1780 723 1901 (P).
744 1831 898 1902 Cornelius)
919 1833 1055 1887 Lentulus
1074 1833 1165 1903 (Sura)

701 1904 738 1957 M.
763 1902 868 1957 Catone
897 1904 1074 1958 adsentiente
1102 1921 1167 1958 cum

702 1974 874 2029 Catilinariis
899 1975 1013 2030 consule
1035 1975 1072 2028 M.
1089 1976 1168 2031 Cice-

700 2062 768 2099 rone
792 2045 909 2117 (691f63)
932 2046 1097 2101 interfectus
1124 2052 1168 2102 est

702 2134 756 2172 acc.
778 2123 820 2185 64,
831 2132 863 2171 12.
885 2123 926 2182 96,
938 2133 971 2172 21.
991 2119 1043 2172 abl.
1060 2123 1102 2186 35,
1113 2134 1133 2173 s.

684 2188 713 2242 P.
735 2187 898 2257 (Cornelius)
918 2189 1012 2258 Scipio
1031 2189 1168 2244 Aemilia-

702 2276 755 2312 nus
772 2258 931 2329 (Africanus
950 2261 1050 2330 minor)
1071 2277 1119 2314 sex
1138 2264 1168 2314 et

702 2329 910 2400 quinquaginta
949 2348 1037 2384 annos
1073 2336 1166 2400 natus,

703 2419 766 2455 cum
786 2418 899 2455 eausam
918 2401 1082 2456 Latinorum
1101 2421 1168 2458 con-

702 2476 747 2526 tra
771 2471 799 2526 C.
815 2472 972 2527 Gracchum
995 2475 1167 2542 defenderet,

703 2547 829 2597 mortuus
849 2548 892 2598 est
909 2543 1051 2616 (625s129).
1072 2563 1169 2600 rumor

703 2614 848 2668 ferebatur
857 2632 921 2669 eum
929 2616 1167 2672 velaCCraccho

704 2685 747 2739 vel
771 2687 807 2739 ab
830 2703 916 2741 uxore
935 2687 1100 2757 Sempronia
1122 2689 1168 2742 vel

705 2756 789 2826 culpa
803 2773 899 2811 eorum
913 2758 1093 2813 interfectum
1106 2776 1168 2815 esse

704 2845 774 2882 nom.
800 2834 842 2897 72,
861 2845 880 2883 2.
920 2830 1009 2883 oratio
1041 2830 1170 2884 funebris

705 2901 861 2969 composita
894 2917 910 2953 a
939 2900 967 2956 C.
993 2901 1089 2955 Laelio
1118 2902 1169 2956 Sa-

704 2971 800 3039 piente
828 2988 845 3024 a
873 2970 903 3035 Q.
928 2971 1016 3028 Fabio
1043 2973 1168 3027 Maximo

705 3042 782 3095 diota
801 3044 844 3096 est
861 3060 920 3113 psa.
938 3049 1023 3110 7212.

685 3113 715 3167 P.
728 3111 892 3182 (Cornelius)
910 3113 1003 3184 Scipio
1017 3115 1169 3170 Africanus

706 3184 817 3254 (maior3
864 3185 993 3255 scholia:)
1041 3188 1170 3255 superior

705 3258 841 3325 (mortuus
861 3255 985 3328 salphae)
1005 3257 1035 3322 Q.
1046 3257 1167 3312 Ennium

704 3327 747 3380 ita
774 3326 886 3394 dilexit,
914 3330 946 3381 ut
974 3345 1038 3382 eum
1063 3329 1169 3384 honore

706 3397 847 3466 sepulchri
865 3401 1019 3452 communis
1036 3400 1066 3452 in
1080 3401 1170 3455 maio-

705 3487 767 3522 rum
790 3487 903 3522 suorum
925 3487 1072 3524 numerum
1094 3474 1171 3526 redi-

709 3541 1170 3613 geretnepulchmmanteponom
