2460 3816
6 335 78 402 48ἰ

1 691 18 751 s
37 690 79 739 so.

97 159 143 225 50
493 157 566 214 PRO
583 157 721 214 FLACCO

163 327 275 388 Homo
308 327 569 388 audacissimus
600 326 804 403 pertimuit,
835 328 1116 402 loquacissimus

99 418 297 488 ommutuit.

159 505 357 565 Vehementer
364 504 574 581 expressitvim
581 496 1116 581 conscientiaaoumetloquacissimo

99 594 191 655 verba
200 594 349 654 defuerint
358 597 388 653 et
396 593 861 671 inpudentiamhilaudacissimo
869 594 1059 669 patrocinata
1067 595 1115 655 sit

165 683 206 743 In
228 683 375 759 duplum
397 681 475 742 iret.
1144 703 1158 745 5

166 772 259 848 Dupli
282 773 471 847 sponsionem
494 772 613 830 faceret.

4 867 81 928 351.
168 859 236 931 Qui
257 864 342 921 tunc
359 863 394 920 te
412 859 526 920 nudus
546 860 808 936 delectaverat,
831 879 968 937 semper
985 861 1117 920 nudum

99 968 176 1010 esse
198 950 361 1010 voluisti,

165 1039 338 1114 Asperrime
359 1039 415 1097 hoc
438 1039 471 1095 in
492 1055 589 1097 mores
611 1037 745 1113 Deciani,
769 1041 804 1097 ut
826 1038 986 1098 avaritiam
1007 1037 1117 1114 probro

99 1128 146 1187 illi
169 1128 254 1187 daret
276 1130 308 1186 et
328 1127 552 1203 inpudicitiam,
579 1127 689 1203 quippe
712 1127 787 1186 dicit
808 1127 933 1187 eundem
955 1126 1118 1203 Lysaniam
1131 1147 1161 1189 ic

101 1216 218 1275 efebum
241 1217 388 1291 placuisse
405 1215 537 1275 Deciano
560 1218 682 1292 propter
699 1217 829 1294 gratiam
851 1217 981 1293 corporis
1004 1215 1118 1274 nudum

101 1305 284 1380 eundemque
306 1307 411 1381 postca
438 1304 573 1364 omnibus
601 1305 729 1365 fortunis
757 1305 931 1381 spoliatum,
959 1307 1118 1382 utrumque

102 1395 195 1473 igitur
219 1395 351 1471 aspergit
372 1392 505 1452 infamia.

168 1483 255 1542 Eum
282 1501 342 1559 spe
369 1482 606 1558 recuperandi
632 1481 736 1540 fundi
762 1484 906 1559 paterni
928 1481 1051 1541 venire
1074 1483 1118 1541 ad

101 1572 350 1632 testimonium
373 1570 560 1631 dicendum
585 1570 749 1647 coegisti.
1132 1590 1161 1631 rs

168 1659 375 1721 Artificialiter
406 1663 438 1719 et
468 1660 647 1737 dignitatem
677 1659 811 1736 personis
841 1659 963 1720 testium
995 1659 1119 1737 derogat

50 1811 58 1818 ,
103 1754 133 1809 et
163 1749 272 1809 falsum
304 1748 420 1809 dicendi
448 1766 551 1808 causas
577 1749 755 1824 interponit,
785 1752 820 1808 ut
851 1749 927 1808 nihil
957 1750 989 1806 in
1020 1751 1120 1808 totum

9 2464 25 2524 i
45 2463 86 2525 52,

101 1838 260 1916 religiosae
283 1838 352 1897 fidei
374 1837 568 1913 relinquatur.

170 1925 343 1996 Quidnam
367 1928 417 1986 sit
438 1927 614 2000 dicturus,
637 1929 816 2002 exspecto.

253 2015 448 2074 Praevenitur
471 2015 508 2075 ab
531 2017 648 2074 oratore
670 2015 827 2074 imminens
849 2015 1062 2090 testimonium,
1085 2018 1121 2074 ut
1134 2034 1162 2074 ao

104 2107 159 2164 aut
181 2104 256 2165 nihil
286 2105 388 2164 conari
411 2104 449 2162 ad
470 2103 672 2162 mentiendum
700 2105 830 2163 audeant
853 2106 918 2178 aut,
945 2104 1120 2180 priusquam

104 2193 240 2267 dixerint,
258 2194 441 2252 refellantur.
474 2191 634 2267 Suspendit
651 2195 752 2251 tamen
771 2196 800 2252 et
814 2193 876 2269 ipse
890 2193 1120 2268 responsionem,

104 2303 141 2342 ne
164 2282 325 2342 absurdum
348 2282 459 2342 faceret
481 2282 628 2356 copiosius
652 2282 835 2357 exsequendo
858 2300 924 2341 eam
944 2301 1020 2356 rem,
1044 2301 1120 2357 quae

104 2391 165 2431 non
188 2374 253 2430 erat
275 2371 312 2429 ab
335 2373 411 2430 teste
433 2371 559 2447 prolata.

173 2458 378 2519 Trallianos
411 2477 553 2518 causam
588 2458 769 2534 publicam
800 2459 1023 2533 Maeandrio,
1059 2459 1162 2518 ho·sc

106 2547 194 2607 mini
216 2547 375 2622 sordido,
398 2548 626 2607 commisisse.

174 2632 361 2711 Ὑπέκβαει(
391 2636 427 2695 fit
454 2636 491 2694 ad
519 2635 708 2695 refutandum
737 2635 889 2711 publicum
920 2637 1121 2696 testimonium

107 2726 334 2786 Trallianorum.
379 2725 420 2784 ut
441 2724 515 2783 bene
538 2724 693 2800 praemisit
716 2728 816 2784 orator
838 2725 945 2784 habere
971 2725 1121 2801 quandam

106 2833 137 2874 se
161 2818 192 2874 et
213 2815 337 2891 fratrem
359 2832 445 2874 suum
463 2832 530 2874 oum
549 2814 651 2872 eodem
671 2814 782 2890 populo
800 2815 1055 2888 necessitudinem,
1077 2816 1121 2888 ut,

107 2903 251 2980 quidquid
284 2904 423 2964 adversus
455 2921 505 2962 eos
538 2903 659 2976 dixerit,
695 2905 871 2963 necessitate
901 2903 971 2962 fidei
1003 2906 1121 2962 coactus
1136 2921 1161 2961 so

107 2992 215 3052 dixisse
244 2993 389 3052 videatur.
438 2991 616 3051 Acutissime
648 2995 802 3067 praetcrea
833 2991 927 3051 omnis
959 2992 1121 3050 auotoritas

107 3080 235 3157 publica,
258 3099 334 3156 quae
358 3080 459 3139 adessa
481 3083 601 3157 poterat
618 3080 744 3154 ciuitati,
767 3079 922 3139 deducitur
939 3081 972 3140 iu
989 3081 1121 3157 planum,

177 3249 435 3317 1pertimuerit0
462 3321 467 3332 Ι
505 3254 598 3316 lqua
612 3251 656 3332 pel
674 3249 808 3318 quoniam
825 3250 901 3305 codd.
914 3252 967 3306 θέε.
1013 3252 1127 3333 tuneo

110 3319 655 3474 uiscus-,essaeus
713 3321 1126 3474 euasura-,sus

92 3461 614 3606 hoggdnfaggggomiegztugdffrssqlssranos
628 3461 791 3516 Maeandrio
811 3479 924 3518 oausam
942 3479 1124 3531 eomm1srsse,
