2460 3816
69 906 128 968 §b

148 181 212 245 160
536 178 607 233 Pac
631 178 769 234 ARCHIA

213 347 288 409 Hoc
310 347 464 424 denique
485 351 653 424 praetore
676 350 864 407 exercente
886 347 1069 406 iudicium.

212 446 281 506 Non
303 448 404 519 vacat,
427 445 506 521 quod
529 448 709 506 mentionem
732 446 806 504 facit
827 447 974 521 praetoris
996 448 1105 522 ipsius,
1127 446 1162 505 id

147 538 192 594 est
209 535 312 594 fratris
331 536 378 594 sui
396 534 429 604 Q.
446 532 608 609 Ciceronis,
628 537 682 611 qui
699 535 810 594 iudicio
827 537 973 610 praeerat.
1010 532 1161 611 Opportu-

146 625 303 684 nissimum
330 625 442 700 quippe
469 625 513 682 ait
539 623 576 682 de
602 623 740 682 laudibus
767 625 872 699 po'etae
898 623 970 684 boni
995 626 1162 699 aputeum

147 712 252 787 dicere,
266 714 319 789 qui
332 712 440 771 studiis
453 712 624 772 huiusmodi
633 713 802 771 delectetur.
826 713 898 770 Fuit
911 714 991 771 enim
1000 713 1033 782 Q.
1042 713 1162 773 Tullius
1190 735 1201 774 s

146 820 206 860 non
224 802 321 861 solum
339 803 425 877 epici,
443 819 547 860 verum
565 803 657 860 etiam
674 803 784 879 tragici
803 803 944 861 carminis
962 801 1095 862 scribtor.

214 899 341 975 Itaque
363 899 455 957 hunc
478 901 514 958 et
536 898 726 958 Tarentini
754 901 788 956 et
810 898 941 976 Regini
963 901 997 957 et
1019 899 1161 975 Neapo-

147 988 257 1046 litani
281 989 434 1046 civitate
457 989 660 1064 ceterisque
682 989 854 1063 praemiis
878 987 1064 1046 donarunt.

212 1085 337 1144 Utiliter
371 1087 563 1160 praeparavit
600 1085 638 1146 ad
676 1104 796 1144 causam
831 1087 893 1143 iam
928 1084 1044 1160 pridem
1080 1085 1161 1144 hunc

145 1173 289 1233 Archiam
320 1176 454 1249 poeticae
487 1175 640 1233 facultatis
672 1174 771 1252 gratia
799 1174 943 1232 celebrem
970 1193 988 1233 a
1019 1175 1160 1250 plurimis
1175 1197 1202 1237 ro

146 1261 252 1322 Italiae
275 1263 468 1323 nobilissimis
487 1264 606 1339 populis
624 1265 657 1321 in
675 1282 831 1321 numerum
849 1265 960 1322 civium
978 1265 1159 1338 cooptatum.

147 1351 232 1421 Quod
249 1353 391 1410 nimirum
410 1355 584 1430 argumento
603 1370 666 1411 esse
684 1351 790 1410 debeat
809 1353 900 1410 etiam
917 1351 1160 1411 Heracliensibus

146 1460 240 1517 nuper
263 1439 454 1514 adscribtum,
476 1440 673 1500 robustiorem
695 1442 757 1499 iam
775 1442 856 1499 fama
875 1443 904 1499 et
924 1442 1038 1519 ingenii
1060 1441 1160 1520 digni-

145 1530 208 1588 tate
226 1531 345 1589 maiore.
378 1529 511 1587 Fuerunt
529 1531 628 1588 autem
641 1529 728 1588 urbes
741 1531 826 1603 istae,
845 1530 881 1588 de
895 1529 1002 1606 quibus
1016 1530 1160 1606 loquitur,

147 1617 325 1694 quibusdam
348 1616 467 1677 Graecis
490 1617 627 1678 tribubus
650 1618 794 1678 conditae.
1038 1666 1041 1673 .
1176 1641 1201 1680 15

88 1745 94 1759 ·
213 1715 365 1785 Quorum
407 1717 500 1775 alter
539 1735 595 1775 res
632 1715 674 1774 ad
710 1714 937 1775 scribendum
973 1718 1160 1792 maximaS,

147 1805 240 1864 alter
268 1823 342 1863 cum
370 1802 425 1864 res
453 1807 587 1883 gestas,
618 1808 692 1863 tum
725 1807 833 1864 etiam
861 1804 1018 1864 studium
1051 1807 1159 1881 atque

148 1895 244 1953 auris
268 1893 437 1952 adhibere
459 1897 589 1968 posset.

214 1989 244 2050 0.
259 1992 388 2050 Marium
410 1990 629 2069 Iugurthinum,
652 1993 704 2067 qui
727 1991 765 2049 ad
788 1992 974 2050 consulatum
998 1993 1159 2066 septimum

145 2083 301 2157 provectus
321 2083 373 2155 est,
396 2098 456 2139 non
473 2081 643 2157 ignoramus
666 2082 699 2138 in
722 2079 873 2139 doctrinae
896 2080 1003 2139 studiis
1026 2081 1159 2139 alienum
1174 2103 1200 2142 ao

146 2172 176 2228 et
212 2171 275 2228 sola
311 2171 355 2227 rei
390 2170 531 2227 militaris
568 2170 693 2227 scientia
728 2169 875 2243 floruisse,
912 2168 1056 2238 Quintum
1086 2187 1157 2229 vero

147 2256 287 2317 Catulum
315 2276 375 2317 non
401 2257 590 2317 mediocriter
616 2259 726 2316 litteris
753 2258 926 2316 liberalibus
953 2258 1156 2317 informatum.

147 2345 205 2405 Sed
237 2348 387 2424 eleganter
417 2348 536 2422 utrique
562 2346 704 2405 Archiam
730 2347 847 2431 placere
878 2348 1010 2422 potuisse
1041 2348 1074 2404 in
1099 2346 1158 2413 hac

145 2438 230 2511 parte
253 2436 433 2494 narrationis
461 2435 602 2508 ostendit,
631 2437 702 2510 quia
728 2434 866 2511 praebuit
887 2435 1000 2505 Marius
1028 2453 1077 2494 eas
1100 2453 1156 2509 res,

213 2609 309 2673 19spp.
338 2603 404 2658 Sall.
430 2603 495 2658 bell.
522 2603 580 2673 Iug.
606 2609 651 2670 63,
672 2609 734 2673 lap.
764 2605 880 2672 (Marii)
907 2602 1026 2657 militiae
1053 2619 1158 2674 magna

146 2675 276 2743 scientia,
305 2675 413 2729 animus
440 2674 510 2729 belli
536 2675 635 2744 ingens
741 2674 890 2743 stipendiis
919 2674 1071 2741 faciundis,
1100 2692 1158 2729 non

146 2745 252 2801 Graeca
270 2747 403 2801 facundia
421 2763 511 2814 neque
529 2745 644 2800 urbanis
662 2746 808 2799 munditiis
828 2763 887 2800 sese
906 2747 1037 2800 exercuit.

213 2921 246 2969 10
264 2916 412 2970 facilitatis
427 2917 499 2983 Ome,
514 2932 581 2970 corr.
595 2916 632 2970 Or
704 2920 738 2968 14
756 2915 890 2969 maiorem
903 2930 946 2970 mo
989 2912 1097 2968 urbeG

147 2993 179 3040 15
199 2987 258 3059 (a)
277 2987 446 3055 quibusdam
463 3004 506 3041 mo
561 2986 671 3040 Grecies
692 2987 715 3042 Ο
735 2985 869 3040 Graeciae
887 2987 928 3056 Zp
1014 2990 1047 3037 16
1066 2984 1157 3039 altera

147 3059 170 3113 0
240 3063 272 3113 17
292 3057 364 3112 alter
382 3076 445 3112 cum
463 3059 538 3112 codd.
554 3059 608 3113 Oic.
629 3056 792 3112 alterumO
860 3062 894 3111 20
914 3073 998 3125 apro
1016 3056 1046 3109 in
1064 3072 1107 3110 mc

145 3134 179 3182 23
204 3129 442 3194 dRCbldthGRe,
465 3146 532 3183 corr.
552 3129 683 3183 Niebclur.
722 3130 852 3182 Maximo
875 3145 945 3196 pars
971 3144 1063 3182 corum
1087 3143 1157 3195 puae

144 3208 294 3269 sequenter
311 3216 394 3269 usquc
416 3200 454 3253 ad
472 3203 571 3265 162,6
592 3200 671 3254 hodie
692 3200 734 3253 ita
752 3201 896 3254 obscurata
918 3205 968 3264 est,
991 3205 1023 3253 ut
1035 3199 1157 3266 plerum·

145 3287 195 3339 pac
217 3272 331 3341 oestipic
353 3278 460 3325 tontum
478 3272 599 3338 perspici
612 3272 722 3338 possint
805 3276 839 3324 23
859 3275 892 3323 24
914 3270 988 3323 hanc
1005 3271 1116 3337 partem
1136 3270 1160 3324 O

146 3343 227 3396 Maio
250 3347 313 3396 teste
334 3343 413 3395 bodie
431 3343 561 3395 locossic
578 3358 605 3396 se
627 3342 716 3396 babet:
745 3340 866 3413 Pol...
882 3341 902 3394 Ε
974 3341 1156 3395 cessare

141 3415 236 3481 primo
254 3414 304 3466 lac.
322 3412 374 3484 2²s,
395 3430 452 3477 cra,
471 3414 558 3467 altero
575 3412 627 3483 2¹s,
648 3430 706 3478 cm,
724 3413 805 3467 tertia
823 3430 869 3466 aa.
886 3414 935 3467 litt.
951 3413 1010 3467 lati.
1029 3411 1156 3466 conticet.

145 3484 237 3537 Licca
255 3485 356 3538 librata
373 3484 572 3553 supraema
585 3486 752 3552 perspicimur
828 3489 862 3537 24
881 3483 972 3552 quiO
1016 3484 1097 3537 Prae

130 3554 182 3606 lac
201 3554 254 3626 IV,
276 3572 326 3610 cm.
343 3582 378 3601 =
397 3560 417 3612 3
434 3555 486 3612 o'tt.
506 3556 566 3612 lac.
585 3554 767 3627 praestiterat
783 3572 826 3610 ruo
843 3553 975 3624 praebuit
994 3554 1024 3608 St
