2460 3816
105 158 149 221 64
498 155 570 211 PRO
594 155 733 211 MEONE

103 327 260 385 damnatus
298 325 336 386 ad
372 326 516 402 populum
551 327 726 402 provocavit
762 325 972 401 absolutusque
994 322 1055 384 'est
1091 327 1122 382 et

102 417 204 474 tamen
221 415 335 491 expiari
355 416 461 474 iussus.
509 413 685 474 Constitutis
709 415 803 492 igitur
825 413 939 473 duabus
963 414 1023 472 aris
1046 413 1120 472 Iano

104 501 237 563 Curiatio
265 506 295 562 et
321 503 429 563 Iunoni
457 502 594 562 Sororiae
626 521 771 580 superque
803 520 853 563 eas
885 503 994 562 iniecto
1021 503 1120 580 tigillo

102 592 245 652 Horatius
287 592 341 651 sub
382 594 486 670 iugum
521 592 675 651 traductus
713 594 765 652 est.
828 590 865 649 Id
901 593 1121 667 expiamentum

102 683 263 741 memoriae
286 683 437 741 servatum
460 681 497 740 ad
520 681 599 750 huno
621 698 714 757 usque
735 681 814 739 diem
837 680 1000 758 tigillum
1023 698 1120 739 soro·
1147 700 1160 740 s

103 772 195 829 rium
218 771 394 846 appellatur.

170 858 238 929 Qui
260 859 414 918 nondum
436 859 553 918 libera
576 860 737 917 civitate.

240 947 337 1008 adhue
359 949 392 1006 in
414 949 536 1007 servitio
559 949 651 1006 fuisse
674 965 737 1005 rem
759 967 787 1024 p,
807 949 837 1005 et
859 949 960 1006 tamen
981 946 1120 1006 habuisse

102 1036 229 1095 liberum
252 1038 391 1113 spiritum
414 1037 450 1096 de
474 1039 624 1113 aequitate
648 1037 788 1095 faoinoris
812 1035 972 1096 iudicandi.

431 1159 561 1234 (Desunt
582 1161 626 1218 ΙΙ
638 1160 792 1235 poqa‘ooe.)
1135 1181 1161 1221 ro

23 1295 82 1356 §8-
254 1285 449 1344 Saturninum
476 1288 506 1344 et
533 1285 694 1344 Servilium
717 1283 872 1345 Glauciam
895 1282 1043 1360 Capitolio
1071 1284 1120 1342 de-

103 1376 207 1434 ductos
230 1374 358 1433 interfici
384 1377 481 1434 iussit.
524 1374 650 1432 Senatus
674 1374 801 1449 denique
824 1374 862 1431 Μ.
878 1373 976 1432 Tullio
1000 1373 1120 1432 consule

102 1463 263 1523 Lentulum
294 1466 465 1539 ceterosque
493 1465 526 1521 in
553 1481 669 1522 oareere
696 1461 861 1538 puniendos
890 1463 1011 1520 oensuit.
1061 1461 1120 1520 Ne·

102 1553 230 1613 oessario
261 1554 355 1630 igitur
390 1552 467 1611 hane
503 1553 754 1610 enumerationem
786 1552 871 1624 facit,
908 1569 967 1626 qua
1002 1550 1120 1625 plenius

103 1642 207 1701 dooeat
229 1660 452 1717 nonnumquam
474 1641 577 1699 eaedes
600 1643 665 1698 iure
688 1641 800 1716 optimo
823 1638 888 1697 fieri
909 1657 1003 1715 posse.
1135 1659 1160 1699 15

169 1730 268 1805 Eum,
314 1732 375 1807 qui
419 1732 537 1806 patris
578 1728 781 1788 ulciscendi
821 1745 930 1787 eausa
971 1729 1120 1786 matrem

102 1821 313 1878 necavisset.

171 1904 342 1968 Μυθῶδεε’
362 1908 418 1967 hoe
455 1908 621 1983 exemplum
652 1906 748 1965 videri
779 1908 910 1982 poterat,
946 1905 982 1962 de
1015 1902 1119 1964 Oreste

103 1997 226 2071 seilicet,
250 2015 344 2072 aquo
368 1996 504 2055 adultera
526 1998 622 2053 mater
645 1997 742 2054 oooisa
764 1997 822 2054 est:
845 1994 942 2053 noluit
967 1995 999 2052 in
1022 1994 1119 2070 primo

105 2087 284 2144 constituere
311 2104 364 2143 neo
389 2087 422 2143 in
446 2087 609 2161 postremo,
636 2084 688 2143 sed
715 2085 747 2142 in
770 2083 880 2157 medio,
908 2085 942 2141 ut
969 2084 1119 2157 utrimque
1134 2103 1160 2143 ao

172 2278 251 2340 lsqq.
270 2273 305 2339 ef.
328 2271 386 2325 Liv.
406 2271 480 2338 126,
500 2277 533 2325 12
562 2271 741 2325 absolverunt
842 2269 1011 2339 imperatum
1033 2269 1119 2338 patri,

105 2345 138 2396 ut
155 2343 247 2396 filiurn
266 2344 399 2412 expiaret.

171 2421 250 2482 iaqq.
269 2415 304 2481 of.
327 2415 426 2468 Festus
450 2416 467 2467 l.
486 2432 507 2469 e.
532 2414 587 2466 duo
610 2412 705 2482 tigilla
732 2412 816 2466 tertio
844 2411 1015 2481 superiecto,
1045 2426 1117 2479 quae

104 2487 186 2554 pater
209 2484 268 2538 eius
292 2485 489 2551 constituerat,
515 2484 592 2538 velut
615 2484 666 2537 sub
689 2483 787 2552 iugum
809 2483 910 2536 missus
936 2482 1025 2548 subit,
1054 2498 1118 2535 oon-

105 2555 276 2624 saoratisque
294 2556 336 2610 ibi
355 2556 410 2610 aris
428 2555 528 2609 lunoni
547 2555 675 2608 Sororiae
694 2557 722 2608 et
740 2554 807 2608 Iano
824 2553 948 2607 Curiatio
970 2596 974 2606 .
992 2594 1018 2607 ..

172 2627 241 2692 tos.
265 2627 421 2695 Livlae,
442 2633 474 2680 13
497 2627 528 2680 id
551 2626 635 2680 hodia
663 2642 773 2693 quoque
801 2624 913 2695 publice
943 2639 1053 2693 semper
1075 2640 1117 2676 re-

106 2698 212 2753 fectum
230 2701 338 2765 manat3
358 2698 495 2752 sororium
513 2696 638 2766 tigillum
655 2699 763 2749 vocant.

173 2776 204 2824 11
224 2771 259 2837 of.
282 2769 403 2840 Appian.
427 2770 454 2823 b.
475 2787 497 2823 o.
521 2769 594 2822 132.
637 2767 777 2821 Plutarch.
802 2767 908 2821 Marius
935 2771 968 2820 30
997 2769 1040 2837 (ea
1067 2767 1117 2819 Li-

105 2841 170 2896 oa'o?
186 2842 221 2909 of.
240 2841 363 2911 periooh.
383 2841 487 2908 LXIX).

172 3025 186 3071 1
216 3017 399 3074 seusatus
427 3020 442 3074 d
470 3035 503 3073 eoo
532 3019 537 3070 Ι
566 3020 689 3071 correcto
762 3020 805 3071 sat
830 3016 916 3071 Halm
1002 3021 1017 3068 2
1047 3014 1118 3068 CON

105 3092 282 3199 satureia
354 3087 502 3197 lesleO
592 3147 609 3194 4
632 3148 696 3210 post
715 3140 801 3200 esto
816 3148 950 3210 boeotum
968 3140 1048 3195 babet

106 3271 121 3319 t
135 3214 282 3322 {toruum
356 3271 371 3318 8
389 3267 438 3320 loo.
449 3270 466 3318 4
477 3267 509 3334 4-
520 3265 570 3336 311,
581 3282 630 3320 orn.
640 3272 691 3321 out
700 3264 749 3336 3¹s,
761 3281 809 3320 oro.
820 3292 854 3311 =
865 3269 900 3319 17
910 3271 960 3320 out
973 3268 991 3318 9
1005 3264 1056 3319 litt.
1072 3263 1120 3319 ἀπ’

106 3392 255 3445 ἐλάττονος
277 3392 380 3444 τόποεῖ
440 3343 532 3442 Reffll’·
616 3395 648 3443 11
673 3388 880 3459 ntuminumO
930 3387 998 3460 <hio
1022 3387 1119 3441 eonsul

107 3460 311 3532 Sa>turninum
328 3477 371 3515 mo
444 3466 476 3514 13
497 3460 737 3533 uecesstlkros
810 3465 843 3514 18
862 3459 973 3533 (quia)
993 3462 1119 3526 μυθῶδες

92 3547 140 3582 mo
212 3537 249 3585 19
265 3531 299 3585 id
319 3533 349 3605 6}
371 3548 460 3603 supra
478 3531 509 3587 in
527 3533 618 3603 suppl.
689 3535 724 3585 20
745 3530 888 3596 ultrumq-
