2460 3816
490 153 703 209 PRAEFATIO.
1021 155 1107 208 XLIII

255 324 318 382 697
344 320 417 381 01161
440 323 552 398 populo
575 325 688 400 gratias
714 324 784 401 egit.

255 413 316 470 702
341 410 400 471 Ρ16
423 411 540 470 Milone.

254 502 316 560 697
341 501 399 559 Pro
424 498 529 560 Sestio.

253 591 316 648 697
341 589 374 647 Ι6
399 589 563 648 Vatinium.

254 680 317 738 700
341 677 399 737 Pro
422 678 554 737 Plancio.

254 769 316 827 702
342 767 386 825 De
410 786 476 826 6616
500 769 598 826 611666
622 767 752 827 Milonis.

253 858 315 915 692
340 854 398 914 Pro
422 855 540 915 Archia.

89 961 188 1021 Huius
220 962 332 1020 ordinis
370 981 445 1036 quae
482 964 522 1022 sit
552 965 644 1036 ratio,
677 963 813 1037 equidem
848 961 1012 1021 diiudicare
1044 982 1104 1023 non

88 1068 223 1126 possum:
251 1051 412 1110 secundum
439 1053 582 1127 temporis
609 1053 755 1109 rationem
782 1052 931 1110 orationes
958 1069 1017 1110 non
1046 1051 1104 1112 dis-

88 1140 204 1214 positas
236 1158 298 1198 esse
330 1140 446 1198 numeri
472 1159 630 1215 annorum,
661 1140 693 1197 in
730 1140 837 1215 quibus
869 1139 988 1199 habitae
1025 1144 1104 1215 sunt,

89 1227 201 1311 adiecti
223 1229 383 1304 spondent3
412 1230 603 1288 manifestum
626 1232 671 1287 est
693 1231 847 1304 praeterea
870 1229 1019 1288 orationes
1042 1232 1103 1304 pri-

89 1318 176 1376 vatas
204 1320 234 1375 61
260 1317 395 1394 publicas
423 1318 471 1377 hic
499 1319 636 1378 confusas
653 1336 740 1393 esse;
777 1336 813 1376 ne
841 1337 943 1376 earum
975 1316 1103 1393 quidem,

89 1423 166 1481 quae
190 1406 228 1464 ed
251 1407 375 1466 eandem
398 1425 555 1482 personam
583 1408 731 1482 spectant,
762 1425 854 1464 unam
876 1407 913 1466 ab
937 1406 1102 1466 61161661-

90 1495 151 1570 cipi
165 1495 349 1554 orationihus
361 1495 533 1554 Milonianis
548 1495 678 1554 disiectis
693 1496 919 1554 demonstratur.
945 1493 1102 1556 Orationes

69 1629 73 1636 .
89 1601 144 1660 pro
159 1582 255 1643 Sestio
271 1587 346 1642 6116
357 1583 522 1660 Vatinium,
536 1586 691 1660 praeterea
705 1604 780 1657 eam,
794 1603 852 1658 qna
867 1584 984 1643 senatui
999 1585 1029 1642 61
1043 1605 1102 1660 qua

88 1672 201 1748 populo
228 1675 342 1750 gratias
372 1675 446 1750 egit,
479 1674 569 1732 etiam
597 1675 629 1730 in
656 1672 712 1732 hoc
735 1672 946 1731 commentario
969 1675 1101 1733 1616166

88 1761 245 1821 cohaerere
273 1763 310 1820 ad
339 1763 542 1837 quaestionem
573 1764 671 1838 ipsam
707 1780 799 1836 quam
826 1763 989 1820 tractamus
1025 1761 1101 1822 nihil

56 1904 60 1910 .
88 1848 178 1908 valet.
224 1849 289 1910 Iam
321 1869 388 1910 oum
420 1842 580 1932 sciamus¹)
613 1852 645 1908 in
677 1853 776 1909 vetere
808 1853 1032 1926 commentario,
1066 1871 1101 1910 61

88 1957 148 2014 quo
167 1939 306 2014 decerpta
325 1942 394 1998 sunt
412 1940 525 1998 scholia
548 1958 623 2014 quae
646 1938 790 1997 habemus
814 1941 962 1998 orationes
986 1939 1101 1998 016616-

88 2029 194 2086 616666
217 2047 252 2086 61
274 2031 443 2103 temporum
465 2029 582 2087 ratione
606 2027 765 2103 dispositas
788 2027 892 2102 fuisse,
921 2031 1034 2087 certum
1058 2033 1103 2088 661

88 2115 222 2175 ordinem
240 2117 323 2174 illius
342 2136 360 2175 a
375 2117 535 2176 scholiasta
553 2117 597 2175 ita
612 2117 768 2175 confusum
787 2135 857 2193 6666,
876 2118 912 2175 111
929 2116 1102 2196 intellegere

87 2223 147 2264 non
169 2205 323 2281 possimus,
348 2225 406 2281 qua
429 2208 544 2265 ratione
568 2204 771 2281 dispositionis
794 2225 864 2264 usus
888 2208 934 2265 sit.

157 2293 215 2353 Hic
238 2294 313 2352 mihi
335 2294 553 2354 subsistendum
576 2296 628 2354 est.
674 2295 778 2370 Neque
802 2296 879 2353 enim
904 2313 947 2368 ea,
971 2297 1101 2370 quaein

87 2381 304 2442 dissertationis
326 2383 474 2459 capitibus
492 2384 524 2442 H
543 2385 573 2442 61
590 2383 637 2441 HI
655 2386 793 2458 tractavi,
816 2386 949 2458 repetere
973 2402 1099 2459 possum.

87 2469 170 2539 Quae
194 2472 220 2530 si
242 2490 302 2530 non
325 2472 433 2547 omnia,
458 2475 489 2532 at
513 2475 591 2533 66116
615 2493 649 2530 61
672 2475 802 2531 maxima
825 2475 910 2549 parte
932 2475 1101 2532 etiamnunc

86 2562 166 2618 recte
191 2560 344 2635 disputata
368 2579 430 2619 esse
454 2561 540 2620 credo
568 2581 663 2637 neque
688 2562 743 2636 eis,
767 2581 842 2636 quae
866 2555 1100 2642 Gurlittius²)

87 2651 117 2707 et
146 2642 420 2727 Schillingius⁸)
451 2653 554 2709 contra
580 2651 635 2708 illa
658 2651 860 2725 protulerunt,
889 2650 925 2708 de
945 2650 1100 2709 sententiis

85 2737 159 2796 16616
182 2757 228 2795 166
252 2738 398 2797 (1616611161
422 2757 483 2798 6666
506 2738 654 2797 confiteor.

152 2824 297 2885 Praemisi
315 2828 526 2886 commentario
546 2826 687 2886 Bobiensi
706 2826 818 2885 scholia
842 2846 878 2884 61
896 2824 995 2883 codice
1019 2825 1098 2902 Lug·

85 2915 296 2975 duno-Batavo
310 2917 361 2974 lat.
377 2916 460 2974 Voss.
477 2915 577 2984 Quart.
597 2916 658 2974 138
679 2907 766 2995 (olim
783 2906 861 2995 152)
876 2915 1004 2989 sumpta,
1024 2932 1099 2989 quae

85 3003 181 3062 denuo
203 3005 236 3062 in
258 3004 439 3063 bibliotheca
461 3004 645 3062 Berolinensi
669 2996 806 3062 accurate
830 2993 980 3082 66616114)
1017 3001 1099 3060 Η666

158 3175 183 3241 1)
204 3174 246 3240 Cf.
265 3175 466 3229 dissertationis
484 3191 557 3228 111666
571 3191 637 3243 pap.
654 3179 697 3226 10.

157 3247 183 3312 2)
202 3245 331 3300 Beriiacr
343 3247 538 3316 philologischc
553 3245 767 3311 Wochcaschsrift
784 3247 867 3311 1895,
886 3243 913 3298 S.
929 3247 983 3298 554
996 3245 1043 3314 ffg.

158 3319 185 3382 3)
203 3317 374 3371 Jaarbecaer
391 3317 440 3382 fiir
457 3318 601 3370 tiassischc
616 3316 768 3385 Philoiopie
786 3319 869 3381 1895,
888 3315 915 3369 S.
932 3319 987 3369 129
996 3316 1043 3385 ffp.

156 3389 183 3455 4)
204 3387 327 3442 Oediccra
359 3388 562 3442 66611611661116
594 3388 738 3455 descripsit
773 3386 929 3456 Stonpiius:
965 3387 1025 3441 Der
1055 3403 1098 3439 so-

84 3464 221 3526 yeauaate
236 3458 474 3514 Groaooschoiiust
486 3474 522 3512 111
536 3463 569 3511 11
585 3459 830 3512 16161166161611
844 3456 946 3512 Redeo.
971 3458 1098 3526 Leipzig·
1128 3513 1133 3531 ,¹

84 3529 161 3598 arcp
178 3533 263 3597 1661,
280 3530 308 3585 s.
322 3533 340 3582 4
346 3530 394 3600 ffp.
