2460 3816
123 149 166 213 30
405 149 453 202 DE
476 147 573 202 REGE
596 147 868 204 ALEXANDRINO.

15 308 106 378 Frgm.
189 316 236 375 Ut
258 319 393 392 rapiat,
417 320 455 377 ut
477 318 728 376 latrocinetur.

56 380 69 434 Ῑ
189 405 420 465 Vehementibus
453 410 483 466 et
513 406 669 466 invidiosis
697 405 795 465 verbis
827 407 936 464 utitur:
967 424 1028 464 non
1059 408 1141 465 enim

122 495 211 553 dixit:
242 497 281 552 ut
308 497 478 570 exposcat
509 495 762 569 hereditatem,
795 497 834 552 ut
866 493 936 553 sibi
963 494 1140 569 vindicet,

114 583 182 657 sed,
207 602 265 657 quo
288 585 337 642 vel
360 586 488 642 maxime
510 583 606 659 pudor
629 584 867 643 consterneretur
890 582 1084 658 audientium,
1107 589 1140 642 ut

120 674 235 745 rupim,
261 673 375 746 inquit,
401 676 435 730 ut
456 674 656 740 latrocinetur,
684 691 760 746 quae
783 673 846 730 sine
870 671 959 730 dubio
982 690 1043 730 non
1064 673 1140 731 imis
1166 693 1181 733 5

121 761 220 835 verba,
244 760 295 819 sed
318 762 435 820 sceleris
460 761 497 819 ab
520 761 690 819 huiusmodi
713 760 877 836 cupiditate
900 760 1077 819 deterreant.

14 841 106 910 ΡΨ·
189 849 227 908 Si
258 850 377 907 hercle
409 851 446 907 in
478 851 613 908 nostris
643 848 748 907 rebus
777 852 850 907 tam
878 867 976 908 acres
1007 849 1050 908 ad
1079 867 1139 925 pe-

49 913 75 965 Π
122 939 276 1012 cuniam,
310 939 382 996 tam
410 938 564 1012 adtenti,
600 940 673 996 tam
701 939 803 997 avari
830 938 1026 997 soleremus
1054 955 1137 998 esse.

187 1026 293 1085 Dicere
317 1025 437 1101 quidem
460 1027 639 1104 generaliter
661 1022 788 1100 ridetur,
814 1028 934 1085 etiamsi
955 1027 988 1083 in
1010 1027 1138 1100 privatis

120 1116 254 1191 pecuniis
291 1117 376 1174 avari
407 1116 540 1174 homines
573 1117 685 1189 essent,
721 1117 754 1172 in
785 1115 912 1190 publicis
944 1117 1046 1173 tamen
1078 1114 1137 1174 dis-
1152 1135 1179 1174 ro

121 1203 338 1279 captationibus
371 1222 430 1262 non
463 1206 598 1279 oportere
627 1205 745 1262 tantam
773 1204 968 1279 cupiditatem
994 1205 1138 1278 pecuniae

119 1291 268 1368 profiteri,
304 1291 356 1350 sed
387 1293 491 1366 procul
523 1292 612 1352 dubio
644 1293 721 1350 nihil
753 1292 836 1349 aliud
868 1294 947 1370 agit,
980 1310 1071 1366 quam
1104 1294 1139 1350 ut

120 1381 159 1439 M.
184 1380 284 1440 Crassi
306 1399 401 1440 mores
426 1380 558 1455 denotet,
587 1381 622 1439 de
646 1400 705 1455 quo
732 1383 851 1456 praeter
873 1381 1030 1439 historiam
1053 1398 1138 1456 prae-

119 1473 224 1545 terque
257 1470 369 1527 exitum
400 1471 505 1528 mortis
532 1471 609 1543 eius,
640 1471 672 1527 in
705 1488 795 1543 quam
821 1487 962 1545 praeceps
995 1468 1138 1543 quodam-

119 1559 207 1618 modo
221 1560 292 1632 ruit,
309 1575 376 1615 cum
390 1558 428 1616 ad
443 1558 625 1633 diripiendas
639 1558 780 1616 Parthiae
795 1558 881 1616 urbes
896 1558 1137 1633 opulentissimas
1152 1577 1178 1616 u

120 1647 276 1705 Eufratem
303 1648 473 1721 transisset,
501 1649 593 1705 etiam
619 1647 684 1722 ipsc
707 1647 824 1704 Tullius
852 1649 957 1705 auctor
988 1647 1033 1704 est
1059 1645 1137 1705 libro

119 1737 209 1794 tertio
237 1735 273 1793 de
301 1735 420 1809 officiis,
448 1737 531 1795 cuius
558 1735 650 1794 verba
676 1736 817 1809 inferam,
846 1752 904 1809 quo
927 1735 1036 1812 magis,
1065 1735 1138 1809 quid

120 1824 156 1883 de
174 1824 306 1883 moribus
325 1825 387 1882 eius
406 1824 556 1898 iudicarit,
575 1826 726 1900 appareat.
765 1822 814 1882 Sic
833 1824 913 1882 enim
930 1823 1005 1880 mihi
1022 1824 1137 1882 textum

119 1913 269 1972 recordor:
302 1912 407 1986 Itaque
437 1916 465 1971 se·
495 1914 543 1971 eie
574 1913 666 1970 bonus
697 1912 802 1970 hebeat
832 1913 907 1970 leoco
937 1913 1011 1980 mm,
1046 1916 1080 1970 ot
1109 1915 1137 1971 se·

120 2002 219 2076 dipitis
241 2002 445 2073 concrepuerit,
467 2003 562 2074 possit
588 2003 622 2059 e'e
644 2001 816 2073 locupletem
843 2004 1011 2059 testamento
1032 2016 1137 2060 comere
1150 2019 1178 2058 eo

120 2091 182 2150 eius
204 2092 343 2162 inrepere,
366 2091 553 2148 luceiaco
571 2093 684 2157 utetur,
711 2106 747 2148 oe
769 2090 796 2147 se‘
818 2089 999 2162 exploratum
1021 2089 1137 2162 quidem

119 2179 231 2247 hebeat,
254 2179 286 2237 id
304 2179 421 2236 cerciac
439 2179 583 2237 neminem
600 2196 740 2251 umquem
758 2180 984 2250 suspicaturum.
1021 2177 1136 2236 Deinde

121 2267 242 2325 subicit:
273 2265 316 2324 At
341 2267 427 2336 dores
449 2268 525 2325 hone
547 2268 606 2325 eim
629 2268 674 2324 M.
696 2265 816 2334 Crasso,
838 2271 872 2324 et
893 2266 1050 2340 dipitorum
1067 2283 1137 2339 per·

120 2358 251 2414 cessione
276 2356 357 2414 heres
379 2356 628 2427 posseseratus
656 2371 727 2423 esse,
759 2357 810 2428 que·
838 2371 870 2414 re
891 2371 962 2413 cero
984 2371 1044 2412 ecee
1067 2359 1137 2414 esset

120 2445 209 2511 heres,
231 2445 265 2502 ee
286 2445 360 2516 foro,
383 2443 568 2511 mihicrede,
593 2443 721 2502 saltaret.
1150 2459 1177 2499 aa

13 2519 105 2588 Frgm.
189 2530 255 2589 Sed
277 2534 396 2589 tamen
420 2549 508 2606 quae
532 2534 615 2590 sunt
637 2534 761 2590 nostra
784 2530 930 2589 iudicia.

187 2621 399 2695 Temptaverat
432 2618 553 2679 Crassus
588 2619 762 2678 adseverare
794 2638 853 2678 non
885 2621 976 2678 semel
1012 2618 1048 2677 de
1079 2619 1135 2676 hac

120 2709 254 2787 Aegypti
276 2709 454 2783 hereditate,
478 2708 529 2767 sed
555 2710 795 2783 frequentissime
822 2707 1072 2784 praeiudicatum,
1101 2725 1135 2765 ac

119 2800 216 2873 primo
241 2798 361 2873 quidem
382 2798 436 2857 illo
459 2799 605 2873 tempore,
629 2815 687 2871 quo
711 2797 837 2871 pecunia
859 2797 988 2872 repetita
1011 2813 1074 2854 esse
1097 2795 1134 2853 ab

120 2887 219 2962 Tyriis
248 2889 278 2946 et
305 2886 429 2946 advecta
456 2887 583 2945 Romam
609 2884 767 2945 videbatur
796 2886 926 2960 seposita
952 2886 1014 2942 iam
1041 2903 1135 2959 nuper
1149 2900 1176 2940 eo

187 3061 220 3108 17
248 3055 287 3108 ΠΙ
306 3060 348 3120 19,
364 3059 405 3107 uc.

186 3237 202 3282 4
234 3229 372 3282 maximus
402 3228 426 3283 0
495 3231 719 3282 constemaretur
746 3229 778 3284 St
853 3234 869 3282 5
897 3231 926 3283 et
951 3228 1136 3282 latrocinetur

121 3302 198 3366 Grec,
217 3315 284 3354 corr.
303 3301 345 3369 Zp
418 3299 534 3353 'ladres
555 3300 588 3365 0,
606 3315 673 3354 corr.
693 3300 820 3354 Niebuhr
899 3305 931 3352 12
951 3299 1066 3354 aliutO

120 3379 153 3426 14
173 3371 264 3439 quat*
328 3375 362 3423 20
381 3369 480 3440 digitis
493 3371 633 3426 aedecio.
671 3369 776 3440 digitos
788 3372 851 3427 Cmo
919 3376 953 3424 22
969 3369 1135 3423 ΝΕΜΙΝΕΜ·

120 3443 210 3510 {ludit
299 3447 333 3494 28
352 3441 502 3494 seueritate
523 3442 552 3507 C,
570 3457 637 3497 corr.
653 3442 779 3495 Niebuhr
869 3447 902 3495 29
925 3439 1134 3509 optinentes,

120 3514 155 3567 ab
174 3512 247 3581 Tyro
267 3515 295 3566 et
313 3528 368 3580 mo,
386 3528 454 3567 corr.
469 3512 501 3567 st
518 3514 560 3582 Zp
