2460 3816
136 155 179 220 98
535 153 608 208 ΡΒΟ
630 153 754 207 SESTIO

28 329 116 391 9110.
200 323 268 397 An,
295 322 413 382 sicubi
436 322 555 382 aderit
582 321 737 396 Gellius,
761 323 864 381 homo
893 324 929 380 et
953 323 1068 381 fratre
1094 323 1148 379 in-

135 412 275 490 dignus.

200 499 235 559 L
257 500 388 559 Marcius
414 499 567 575 Filippus,
597 501 646 558 vir
675 499 883 558 honestissime
914 501 1065 577 cognitus,
1096 501 1151 574 qui

135 592 227 648 etiam
258 589 374 667 collega
401 586 453 647 On.
475 588 604 647 Lentulo
629 588 805 648 Marcellino
834 589 868 646 in
898 588 1055 647 consulatu
1081 589 1151 661 fuit,

135 680 259 737 fratrem
294 679 375 736 bunc
409 677 540 736 babebat
574 679 726 736 uterinum
756 677 791 735 L
818 676 948 735 Gellium
979 680 1009 735 et
1040 679 1150 752 ipsum
1176 698 1190 737 ⁵

42 794 46 798 ’
135 770 281 843 quantum
303 770 438 842 apparet,
461 763 611 826 Ciceronis
633 768 796 824 inimicum.
833 765 869 824 In
892 768 1039 841 quantum
1055 767 1151 843 igitur

134 856 254 916 laudem
275 855 390 930 Filippi
419 856 522 914 iratus
544 856 609 914 eius
636 855 758 929 extulit,
788 857 822 913 in
847 858 968 914 tautum
993 855 1072 912 hunc
1099 854 1151 913 de-

133 945 263 1018 floravit,
285 946 339 1020 qui
360 944 515 1002 dissimilis
538 946 679 1002 extiterit

26 1038 113 1101 9113,
200 1033 285 1091 Fuit
326 1033 521 1111 collegium
560 1052 673 1108 nuper
712 1033 966 1106 tribunicium,
1004 1033 1041 1090 in
1081 1050 1150 1108 quo

133 1126 208 1181 tres
240 1123 400 1196 minime,
431 1121 498 1180 duo
529 1125 712 1180 vementer
742 1122 935 1197 populares
964 1123 1190 1182 existima-no

133 1211 273 1269 bantur.

200 1300 246 1357 De
277 1299 405 1377 collegio
436 1298 556 1357 videtur
585 1299 670 1374 loqui
704 1298 909 1372 tribunorum,
945 1301 998 1374 qui
1029 1300 1149 1356 fuerunt

135 1387 167 1446 (l.
187 1386 323 1447 Caesaris
346 1392 378 1446 et
398 1387 438 1446 bl
456 1387 560 1446 Bibuli
582 1388 753 1461 consulatu3
775 1389 828 1446 sed
850 1387 976 1447 obnixae
997 1388 1150 1463 populari·

133 1479 208 1536 tatis
231 1477 304 1536 duos
327 1477 500 1554 intellegere
524 1476 677 1535 debemus:
703 1476 734 1533 P.
746 1476 903 1534 Vatinium
925 1480 956 1534 et
978 1474 1009 1535 (l.
1028 1476 1149 1550 Alfium,

134 1567 189 1642 qui
204 1567 395 1625 uehementer
416 1568 548 1625 actiones
567 1563 702 1624 Caesaris
721 1565 907 1625 adiuverunt
943 1565 1016 1624 Tres
1039 1568 1149 1639 autem,
1162 1585 1190 1626 ra

134 1673 207 1730 quos
238 1656 363 1714 minime
392 1655 552 1731 populares
584 1656 644 1728 ait,
681 1652 732 1712 (ln
760 1653 910 1713 Domitius
944 1652 1086 1713 calvinus
1117 1658 1147 1712 et

134 1742 168 1812 Q.
180 1744 350 1803 Ancharius
372 1748 404 1802 et
427 1743 458 1802 (l.
476 1744 618 1818 Fannius3
641 1762 677 1801 ex
699 1743 806 1818 quibus
829 1745 892 1801 iam
913 1742 973 1802 duo
995 1746 1146 1819 praetores

133 1837 219 1891 erant
250 1832 407 1910 designati,
438 1835 545 1890 tertius
577 1831 701 1890 eandem
731 1850 815 1907 spem
846 1832 904 1890 sibi
934 1832 1055 1891 honoris
1081 1833 1147 1906 pol·

132 1921 289 1995 licebatur,
311 1920 342 1980 0.
356 1921 488 1980 Fannius
512 1922 634 1980 scilicet

26 2013 115 2076 9114.
201 2008 313 2078 Quid?
335 2011 529 2085 populares
551 2011 613 2068 illi
635 2009 711 2068 duo.
1159 2031 1187 2068 so

201 2098 231 2158 0.
254 2098 352 2157 Alfius
379 2102 410 2156 et
431 2098 464 2156 P.
487 2099 637 2157 Vatinius.
683 2098 728 2156 De
755 2097 833 2156 Alfio
860 2101 962 2156 tamen
989 2100 1149 2157 clementer

133 2189 282 2263 loquitor,
309 2190 406 2265 magis
433 2190 520 2263 quasi
542 2187 580 2246 de
601 2190 666 2247 viro
689 2189 857 2263 insapiente
879 2207 970 2262 quam
996 2187 1148 2261 dema103

133 2279 267 2352 asperius
290 2277 479 2352 aliquantum
497 2277 533 2335 de
551 2277 583 2334 P.
593 2276 726 2350 Vatinio,
749 2276 801 2334 sed
819 2279 977 2352 utrumque
997 2277 1148 2350 bonorem,

133 2384 221 2441 quem
248 2368 348 2440 petere
374 2367 560 2439 instituerat,
591 2365 674 2424 nullo
705 2365 793 2425 modo
821 2368 1011 2424 consecutum
1037 2366 1147 2440 populo

133 2455 313 2531 refragante,
336 2453 416 2529 quod
438 2454 585 2512 iudicaret
606 2454 753 2530 indignos
1160 2473 1187 2512 ao

27 2544 113 2607 §116
200 2540 268 2611 Qui
289 2542 393 2601 ludos
416 2545 719 2618 apparatissimos
743 2543 876 2600 fecisti.

130 2676 133 2681 -
199 2631 245 2690 De
278 2631 433 2690 aedilitate
459 2632 500 2689 M.
528 2630 633 2690 Scauri
669 2633 699 2688 et
730 2631 884 2706 opulentia
915 2631 1054 2689 ludorum
1084 2630 1145 2705 ple

132 2722 255 2780 nissime
277 2721 354 2779 dixit
376 2722 408 2779 in
431 2740 467 2779 ea
489 2723 633 2794 oratione,
657 2738 717 2794 qua
739 2721 838 2794 ipsum
861 2739 978 2795 quoqne
1000 2719 1040 2777 M.
1055 2719 1146 2777 Scan·

132 2831 199 2868 rum
221 2810 362 2869 defendit.

200 3003 233 3051 28
253 2999 328 3052 locus
344 2998 463 3051 amissus
480 3003 526 3051 eet

199 3171 1080 3242 1indignius05hun00hicmopuootopoafuitpooeo

132 3241 318 3311 5ipsnum0
384 3242 511 3311 tlegem
526 3245 599 3307 Coeo,
617 3261 685 3297 corr.
696 3245 784 3298 Halm
837 3241 963 3297 fraterO
1014 3243 1147 3296 extulerit

133 3315 157 3369 0
239 3318 272 3366 10
293 3315 458 3366 uaementer
481 3314 504 3368 0
592 3318 678 3366 1617
702 3313 749 3369 (ln.
768 3312 924 3367 Domitium
948 3312 1094 3367 Calvinum
1117 3317 1147 3367 et

132 3383 162 3449 Q
177 3383 401 3437 Anchanum
373 3386 401 3437 et
427 3382 455 3437 C.
469 3384 608 3437 Fannium
631 3403 674 3440 mo
755 3390 790 3439 24
813 3386 993 3438 consecutum
1015 3386 1058 3456 29
1081 3402 1147 3439 con·

131 3453 262 3508 stitutum
282 3456 306 3510 U
326 3456 453 3524 (uterque
470 3454 604 3509 honorem
622 3474 676 3525 sqq.
696 3454 821 3509 obtinuit
839 3458 893 3525 mo)
984 3461 1017 3510 26
1035 3457 1146 3526 megui-

119 3525 380 3594 ficentissimeque
396 3525 491 3581 fecisti
510 3527 587 3583 codd.
600 3529 655 3583 Oic.
734 3533 768 3582 28
792 3527 860 3596 quia
879 3528 904 3583 0
