2460 3816
104 145 147 210 62
279 102 281 107 v
499 145 572 202 Pac
594 146 733 202 MILONE

105 315 263 374 securitate
295 314 476 375 conscribsit.
523 315 581 374 Sed
613 317 705 391 enim,
738 334 805 374 cum
836 317 914 375 ratio
946 315 1127 375 defensionis

103 405 192 463 onus
220 403 415 479 ordinaretur,
447 422 577 481 quonam
603 404 692 464 modo
718 407 749 464 et
775 404 937 463 secumdum
963 422 1051 480 quem
1073 422 1126 481 po-

104 493 253 553 tissimum
284 494 396 552 statum
428 494 479 571 agi
513 512 568 568 pro
599 493 711 554 Milone
747 496 908 569 oporteret,
944 492 983 551 M.
1013 493 1126 554 Brutus

55 656 57 661 Ι
105 583 288 659 existimavit
313 576 394 640 κατὰ
417 575 594 642 &witsant
621 601 675 658 pro
704 601 823 642 ecesse
850 581 1021 656 dicendum,
1048 599 1126 658 quae

105 669 230 731 anobis
253 671 425 730 nominatur
447 672 578 746 qualitas
605 673 836 747 compensativa
882 671 947 731 Hoc
974 672 1124 730 enimvero
1152 690 1163 731 s

106 759 241 820 Ciceroni
263 761 360 818 visum
383 762 428 818 est
444 778 553 835 parum
575 760 703 835 salubre,
729 779 800 820 nam
821 761 930 819 maluit
952 753 1125 832 ἀντεγκλή·

106 864 205 923 ματο(
228 849 334 925 specie,
357 847 389 906 id
412 851 457 907 est
479 849 543 907 rela
558 895 563 906 .
579 893 608 907 ..

407 936 537 1009 (Desunt
564 936 653 998 VIII
668 939 822 1013 popinae.)

27 1029 85 1090 §a
252 1028 396 1085 vestrae
428 1028 668 1102 quaestionis,
699 1027 870 1087 videntur
896 1045 936 1085 ea
967 1043 1043 1086 esse
1070 1044 1124 1084 re-

105 1114 270 1187 futanda,
297 1134 387 1190 quae
410 1117 445 1173 et
467 1116 503 1173 in
527 1118 654 1175 senatu
677 1115 719 1175 ab
741 1117 901 1175 inimicis
1139 1133 1163 1174 ro

172 1204 260 1263 dixit:
279 1205 342 1262 iam
364 1203 493 1263 detraxit
514 1205 562 1263 illi
584 1204 702 1264 decreto
725 1206 935 1266 auctoritatem
1033 1203 1124 1262 maie

106 1293 262 1353 velentiae.
308 1292 349 1351 Et
371 1292 451 1368 quod
474 1293 592 1352 addidit
614 1295 718 1354 statim

172 1384 320 1457 iactata
341 1383 424 1440 sunt

172 1489 232 1531 non
264 1470 421 1546 decreta,
452 1488 512 1530 non
544 1473 699 1544 statuta,
733 1488 793 1530 non
824 1471 1002 1544 iudicata,
1032 1468 1124 1529 verbo

106 1577 176 1619 usus
208 1562 254 1619 est
280 1558 440 1618 efficaciter
468 1559 506 1619 ad
533 1559 748 1618 detrahendum
774 1559 889 1636 pondus
916 1561 964 1618 illi
990 1561 1163 1619 senatus-15

106 1649 250 1722 consulto,
269 1668 326 1724 quo
345 1667 413 1708 reus
432 1651 582 1727 gravatur.
613 1648 686 1708 Post
702 1648 776 1708 haec
794 1650 885 1708 etiam
904 1647 1126 1727 significaturus

105 1738 203 1815 legem
225 1737 398 1813 Pompeiam
723 1792 729 1805 ff

172 1826 467 1891 assumtione
490 1826 532 1885 ab
554 1825 719 1902 inprobis

171 1916 278 1992 inquit.
305 1914 465 1975 Molestum
477 1935 606 1991 namque
620 1916 733 1989 fuisset,
752 1917 810 1975 sia
828 1916 961 1991 populo
981 1913 1124 1974 adiceret:

106 2004 143 2063 ab
165 2004 296 2078 inprobis
317 2005 433 2078 maluit,
456 2006 491 2061 ut
512 2023 550 2063 ne
567 2003 644 2062 illud
662 2004 851 2079 plebiscitum
873 2022 927 2080 pro
947 2004 1125 2082 gravissimo
1138 2021 1163 2062 ao

106 2093 272 2152 ducendum
286 2094 334 2166 sit,
348 2092 427 2168 quod
440 2092 560 2168 inprobi
573 2096 604 2151 et
617 2093 768 2153 studentes
780 2094 908 2152 iniuriae
917 2094 1123 2168 concepenmt.

105 2181 154 2240 Ad
173 2183 336 2240 extremum
353 2182 443 2241 tertio
463 2181 558 2260 gradu
576 2183 608 2240 in
626 2182 705 2241 huno
724 2183 835 2240 exitum
853 2181 976 2241 desinit:

172 2270 217 2329 Et
239 2271 346 2346 paulo
370 2273 453 2329 ante
476 2269 519 2329 ab
542 2271 825 2330 accusatoribus.

173 2357 267 2418 Omne
299 2360 390 2433 enim,
422 2358 502 2434 quod
534 2362 719 2418 accusatores
751 2361 1027 2432 comminiscuntur,
1063 2375 1124 2418 non

107 2449 266 2523 aequitatis
289 2448 409 2522 iudicio,
431 2448 482 2507 scd
505 2447 630 2507 nocendi
652 2451 803 2525 proposito
826 2449 998 2508 moliuntur.
1041 2447 1124 2506 Haec
1138 2464 1163 2506 aa

174 2617 243 2684 tos.
263 2616 363 2671 Ascon.
383 2617 414 2671 in
431 2616 527 2670 Milon.
549 2622 591 2684 30,
607 2622 687 2686 tsqq.
725 2616 841 2681 Quintil.
859 2617 898 2671 ΠΙ
918 2623 941 2683 6,
958 2622 998 2671 93.

172 2784 189 2831 4
217 2778 297 2833 cerba
315 2794 413 2849 praeca
433 2778 624 2832 Octrameatc
642 2778 752 2846 scripsit
854 2783 869 2830 6
898 2775 1124 2841 ἀντεγκλήματοε

105 2851 148 2920 Zp
171 2850 493 2920 ...e...o...1...c
516 2852 612 2917 prima
636 2845 1124 2920 icc.1¹s„attcrc1,teota'c1¹f„

106 2928 206 2991 quarto
230 2921 279 2991 1¹s2
304 2938 351 2975 em.
372 2922 502 2986 eontinet,
525 2922 618 2989 spatie
641 2922 692 2975 titt.
715 2921 804 2988 suppl.
823 2935 945 2991 conprcc
1016 2919 1048 2970 irc
1069 2934 1121 2986 my.

106 2993 217 3047 addidit
240 2992 311 3062 O‚q
401 2997 416 3044 9
444 2993 521 3060 utrae
545 2992 569 3045 0
652 2996 686 3044 10
709 2999 773 3059 post
793 2993 903 3046 verbum
926 2990 1025 3042 senatu
1048 3004 1066 3040 a
1088 2987 1120 3058 0,

107 3063 204 3116 addita
231 3070 309 3118 scut:
336 3062 371 3116 ab
400 3062 522 3116 inimicis
550 3078 634 3131 saepe
656 3062 763 3115 iactata
791 3064 864 3116 sunt.
887 3077 952 3114 nam
976 3058 1051 3128 qnod

108 3140 138 3187 11
164 3140 228 3202 post
254 3133 363 3188 uerbum
391 3132 588 3186 auctoritatem
615 3150 634 3186 a
663 3133 693 3204 O,
724 3132 822 3188 addita
848 3139 928 3187 scat:
956 3131 1001 3184 cui
1028 3130 1124 3199 potest

105 3206 222 3272 propter
240 3203 397 3257 simultates
415 3204 507 3257 inesse
526 3203 650 3256 studium
668 3220 715 3273 epo
734 3204 861 3259 lacunam
878 3204 966 3259 statui
983 3200 1122 3273 <insimu-

106 3273 253 3347 latione>?
323 3273 557 3328 malaeuolentiae
583 3275 606 3329 0
698 3279 731 3328 13
754 3274 830 3328 iacta
855 3277 889 3341 Ο,
916 3290 984 3329 corr.
1007 3289 1051 3327 mo

108 3405 140 3452 16
170 3348 348 3454 arabitur
444 3404 476 3453 18
505 3399 712 3453 contentionem
741 3400 765 3453 0
856 3404 890 3453 20
918 3397 984 3451 illut
1012 3398 1036 3452 0

100 3529 137 3574 a
161 3521 574 3594 pooepaeaccusatoaes
651 3529 684 3577 ss
712 3487 882 3594 retuso-t
