2460 3816
531 185 547 247 a
568 186 717 236 rar-131.
1063 180 1126 244 103

182 342 445 422 Ἐνκωμιαετικῶε
477 347 513 406 de
546 347 597 407 Gn.
627 348 782 426 Pompeio,
819 368 907 424 quem
944 351 1061 408 constat
1092 368 1127 408 ex

115 437 219 496 Africa
245 439 315 512 post
337 456 510 512 oppressum
533 438 700 496 Domitium
723 435 947 514 Clupeanosque
974 439 1128 516 fugitivos,

114 546 150 584 ex
176 526 272 584 Ponto
304 528 391 585 victis
419 525 594 584 Mithridate
621 529 652 586 et
678 528 780 602 sociis,
813 527 849 585 de
880 527 1028 603 Hispania
1059 530 1128 602 post

114 618 243 674 occisum
273 614 306 684 Q.
331 615 496 674 Sertorium
526 617 556 673 et
583 634 756 691 oppressum
777 615 817 673 M.
836 615 1016 691 Perpernam
1042 615 1127 676 Lusi-

88 705 252 778 stanisque
274 705 361 764 victis
384 705 563 764 triumfasse.

180 793 230 850 Ne
253 795 332 868 quis
356 793 396 851 de
420 793 519 851 caelo
543 795 713 853 servaret.

180 881 437 957 Undiqueversum
460 927 516 955 ...,
540 882 596 940 hoc
615 884 660 941 est
677 882 788 941 iudicia
806 882 942 958 publicae
963 883 1127 941 voluntatis

114 971 149 1029 de
172 990 203 1030 se
225 970 330 1029 habita
351 974 514 1048 congregat
536 974 567 1030 et
588 972 738 1030 inlustrat.
784 970 868 1030 Inter
890 990 966 1046 quae
989 973 1075 1046 ponit
1097 974 1128 1029 et

112 1060 168 1119 hoc
183 1079 245 1119 esse
258 1060 418 1134 decretum,
436 1078 473 1117 ne
492 1060 528 1118 de
545 1061 626 1119 caelo
641 1062 817 1135 servaretur,
837 1062 979 1135 quoniam
992 1059 1128 1119 solebant
1197 1071 1199 1078 '

73 1167 100 1206 10
113 1151 243 1208 actiones
266 1149 414 1224 impediri,
436 1150 464 1207 si
485 1149 586 1226 fulgur
608 1151 797 1208 nuntiaretur
815 1150 863 1208 vel
886 1151 1004 1208 ostentu
1025 1150 1127 1224 aliquo

113 1239 323 1296 dirimerentur
345 1257 393 1310 ea,
417 1256 492 1312 quae
516 1238 555 1295 ad
576 1239 721 1313 populum
743 1238 922 1296 ferebantur.

179 1328 297 1403 Atque
333 1326 438 1400 idem,
480 1326 523 1384 ad
558 1346 613 1386 res
649 1327 835 1386 redeuntis
872 1329 912 1385 ut
947 1328 1127 1401 venirent,

112 1418 337 1493 rogarentur.

180 1503 268 1562 Certa
303 1523 373 1580 pars
411 1505 482 1563 anni
518 1504 743 1578 observabatur,
780 1523 839 1580 qua
875 1505 951 1562 nihil
986 1506 1019 1562 in
1055 1505 1127 1563 urbe

72 1610 99 1650 15
114 1596 279 1671 gereretur,
302 1593 382 1668 quod
405 1592 512 1651 adres
535 1593 689 1651 iudiciales
713 1595 744 1651 et
761 1594 949 1670 negotiorum
972 1593 1127 1652 sollemnia

112 1684 282 1758 pertineret.
337 1682 420 1740 Tunc
451 1683 546 1760 igitur
577 1682 706 1757 prolatio
738 1701 838 1740 rerum
869 1681 934 1740 fieri
965 1681 1127 1757 dicebatur,

112 1790 170 1847 quo
202 1774 335 1847 tempore
367 1773 470 1829 exacto
502 1789 601 1829 rerum
633 1773 716 1829 actus
753 1770 883 1844 redibat,
919 1770 951 1828 id
982 1773 1040 1845 est,
1076 1773 1127 1848 agi

112 1862 213 1920 omnia
244 1859 405 1919 secundum
437 1860 555 1918 civilem
587 1859 829 1918 consuetudinem
861 1861 892 1918 et
923 1861 1051 1918 exerceri
1082 1862 1126 1918 in·

112 1949 270 2025 cipiebant.
316 1948 400 2007 Dicit
426 1967 496 2025 ergo
525 1965 595 2007 suae
622 1949 780 2025 dignitatis
808 1967 897 2007 causa
924 1950 955 2006 et
981 1949 1037 2007 hoc
1064 1967 1126 2008 esse

72 2055 99 2095 ro
112 2038 275 2112 decretum,
307 2039 342 2095 ut
373 2038 540 2096 instaurato
572 2057 671 2095 rerum
703 2039 773 2095 actu
800 2039 878 2096 cives
905 2038 1031 2096 Romam
1057 2056 1125 2096 oon·

111 2129 256 2201 venirent,
279 2128 332 2201 qui
354 2125 505 2185 decretum
528 2126 564 2184 de
587 2145 641 2185 sua
663 2128 853 2185 restitutione
875 2125 1037 2184 firmarent.

178 2216 311 2274 Mecum
332 2214 458 2274 absens
481 2214 662 2273 beneficio
686 2234 747 2273 suo
770 2215 882 2273 rediit
904 2217 941 2273 in
960 2216 1124 2293 gratiam.
1145 2217 1223 2279 §130

179 2305 273 2381 Saepe
310 2305 423 2362 dictum
459 2306 504 2363 est
536 2303 569 2372 Q.
596 2303 751 2362 Metellum
782 2305 943 2380 Nepotem,
979 2305 1032 2379 qui
1068 2304 1126 2363 dis-

112 2398 243 2453 senserat
265 2411 284 2451 0
305 2393 345 2451 M.
369 2393 469 2451 Tullio
492 2412 587 2468 nuper
608 2394 640 2450 in
662 2392 827 2467 tribunatu,
850 2396 953 2468 postea
976 2394 1126 2452 consulem

71 2491 97 2538 15
112 2484 253 2558 depositis
289 2483 456 2541 inimicitiis
492 2483 717 2540 reconciliatum
753 2502 812 2540 non
850 2482 1013 2556 obstitisse,
1054 2502 1125 2558 quo-

111 2573 208 2631 minus
233 2571 268 2630 ab
292 2572 381 2629 exilio
404 2571 600 2630 reduceretur.

178 2659 432 2719 Gratissimum
454 2661 565 2719 fratri
587 2678 648 2718 suo
672 2661 769 2718 fecit.
1144 2661 1221 2722 §131

179 2748 211 2816 Q.
236 2749 349 2808 scilicet
379 2748 500 2806 Metello
531 2748 634 2821 Celeri,
667 2750 719 2823 qui
751 2748 885 2822 proximo
918 2748 1048 2805 triennio
1076 2746 1125 2804 de-

112 2840 240 2895 cesserat
261 2837 368 2893 infami
391 2837 482 2894 ctiam
500 2839 596 2894 morte
615 2836 650 2893 de
668 2835 818 2909 veneficio,
843 2835 921 2910 quod
940 2836 968 2892 ei
986 2836 1125 2910 paratum

180 2986 321 3058 16111111
341 3028 347 3039 .
364 3028 369 3039 .
385 3028 391 3039 .
407 2987 441 3038 ΤΙ
534 2986 553 3039 C
572 2988 712 3040 lucarum
731 2987 1055 3055 aasappl.eoa9roaur

112 3066 127 3112 2
156 3057 397 3128 Cleppianosquae
417 3058 440 3112 0
461 3056 684 3126 Cleppianosque
704 3073 760 3122 mo,
783 3073 851 3111 corr.
873 3056 911 3110 Or
987 3062 1002 3110 3
1031 3072 1065 3109 ex
1082 3074 1124 3111 mo

112 3131 184 3185 ecc
252 3129 348 3183 uictisi
368 3129 391 3183 0
410 3128 485 3181 victo
503 3145 559 3194 me,
577 3145 645 3182 corr.
660 3129 748 3182 Halm
819 3126 983 3180 Mithridate
1005 3127 1127 3184 hocsiO

110 3199 276 3255 Mithridate
294 3216 359 3270 rege
377 3216 420 3254 mo
439 3198 612 3253 Mithridatis
630 3199 719 3268 copiis
738 3200 825 3253 Halm
848 3197 1031 3252 Mithridatae
1048 3201 1090 3254 oet

111 3271 270 3327 Mithridati
285 3271 374 3341 copiis
388 3271 430 3341 Zp
494 3276 509 3324 7
524 3272 573 3325 luo.
584 3276 659 3325 40111,
668 3297 701 3315 =
718 3275 752 3324 10
766 3272 817 3325 litt.
882 3274 914 3323 10
930 3273 1039 3324 ostento
1052 3271 1090 3325 Or

110 3343 264 3411 hlthlOQ·
347 3348 380 3396 11
404 3343 437 3409 Q·
518 3348 551 3395 12
575 3341 666 3409 adque
691 3343 739 3397 Ora
812 3347 845 3394 14
868 3341 1032 3395 obseruatur
1051 3342 1124 3407 Ome,

110 3433 178 3470 corr.
191 3416 229 3470 Or
302 3419 334 3467 18
353 3413 509 3483 incipiebat
526 3415 599 3479 emo,
617 3430 685 3468 corr.
700 3414 732 3468 St
804 3418 838 3466 20
856 3412 1014 3465 instaurato
1033 3428 1135 3463 rerum

111 3487 236 3540 actiones
251 3486 281 3551 0,
294 3502 363 3540 corr.
374 3487 431 3540 Leo
449 3484 606 3538 mrtamata
618 3500 715 3538 rerum
728 3483 845 3538 actione
857 3499 904 3536 1110
939 3481 1047 3530 homa
1056 3478 1082 3526 Q

112 3563 145 3612 28
165 3557 193 3622 Q.
214 3573 257 3611 mo
310 3558 428 3624 quaec
507 3556 752 3614 1900001101οΟ
