2460 3816
537 157 552 219 s
571 157 684 206 rr-as.
1075 153 1116 217 13

173 316 260 380 ‘Hoc
288 315 389 394 dico',
413 322 546 397 inquit,
569 315 617 379 ‘te
645 338 719 380 esse
747 339 762 378 e
790 315 1005 396 municipio'
1050 321 1115 379 Fa·
1135 328 1150 389 ξ
1170 327 1212 376 13.

106 412 184 469 teor
207 411 241 468 et
264 409 353 468 addo
377 411 498 469 etiam:
522 428 560 468 cx
584 428 621 468 eo
645 410 854 484 municipio,
877 410 967 470 unde
986 411 1117 468 iterum

107 500 177 558 iam
199 499 296 558 salus
319 499 401 557 huic
424 498 504 556 urbi
526 499 749 574 imperioque
771 499 880 558 missa
903 501 963 558 est.

235 605 343 664 magna
362 606 429 646 cum
448 588 544 665 gloria
557 586 688 647 subdidit
701 586 922 646 consensionem
937 587 1116 662 amplectens

80 677 263 751 emunicipii
294 678 340 736 sui
372 675 527 750 Arpinatis
559 677 709 754 egregiam
740 675 941 735 nobilitatem:
977 675 1054 734 unde
1087 679 1117 734 et

108 763 138 822 C.
162 764 273 824 Marius
306 766 464 838 exstiterit,
496 764 641 824 bellorum
669 766 865 824 maximorum
897 766 1117 825 strenuissimus

107 855 211 927 victor,
235 855 264 911 et
286 854 358 928 ipse,
382 854 464 913 ouius
483 854 651 913 consulatus
671 853 709 912 ad
727 853 951 929 opprimendam
971 851 1117 913 Catilinae

109 943 343 1001 coniurationem
366 943 505 1002 salutaris
529 943 678 1000 inluxerit.

174 1030 281 1089 Nemo
322 1032 418 1091 istuo
457 1031 496 1089 M.
535 1028 663 1090 Catoni
699 1032 788 1105 seni,
833 1050 932 1090 nemo
970 1031 1116 1090 Tiberio

68 1142 94 1181 io
110 1117 346 1193 Coruncanio,
369 1138 468 1178 nemo
491 1119 608 1179 Manio
633 1118 747 1178 Curio.

174 1207 213 1265 M.
238 1206 312 1267 Cato
340 1209 390 1267 ille
415 1207 570 1268 Censorius
593 1210 624 1267 et
647 1208 710 1267 Tib.
731 1207 932 1268 Coruncanius
959 1208 1079 1266 fuerunt
1103 1227 1118 1265 e

108 1298 269 1372 municipio
298 1297 478 1371 Tusculan03
504 1296 622 1357 Manius
640 1315 732 1372 porro
757 1295 875 1370 Curius,
899 1298 950 1373 qui
974 1296 1010 1354 de
1033 1295 1116 1355 Sam-

108 1385 220 1444 nitibus
251 1386 433 1461 triumfavit,
461 1385 578 1446 Sabinis
611 1386 751 1445 oriundus
783 1385 917 1460 videtur,
946 1385 998 1443 ubi
1028 1386 1118 1444 ctiam

108 1474 206 1533 foculo
235 1475 370 1534 adsidens
399 1494 516 1548 aurum,
543 1475 600 1534 sibi
629 1474 707 1550 quod
733 1474 831 1534 hostes
859 1475 1043 1550 optulerunt,
1074 1493 1118 1532 ro-

70 1583 95 1623 15
109 1562 247 1637 pudiavit
281 1564 429 1624 confessus
452 1566 555 1622 votum
582 1563 640 1622 sibi
671 1581 732 1622 esse
764 1564 971 1638 praecipuum,
998 1581 1058 1620 non
1085 1564 1119 1620 ut

109 1653 172 1726 ipse
195 1651 299 1727 opibus
319 1652 468 1727 adflueret,
492 1652 542 1710 sed
560 1654 595 1711 ut
612 1653 778 1728 pecuniosis
796 1650 930 1710 hostibus
948 1653 1116 1727 imperaret.

176 1741 240 1800 Est
263 1743 354 1799 enim
376 1743 453 1816 ipse
475 1743 636 1800 materno
660 1759 788 1818 genere
810 1741 1050 1816 municipalis.
1137 1742 1214 1804 §25-

176 1827 254 1898 Quos
286 1831 318 1888 in
349 1832 447 1889 totum
479 1830 628 1889 destruere
663 1848 723 1888 non
750 1829 864 1903 potuit,
896 1847 931 1887 ex
958 1831 1043 1904 parte
1071 1827 1117 1886 de-

110 1919 225 1976 struxit.
271 1918 350 1977 Nam
376 1919 509 1978 familiae
536 1918 666 1976 Manliae
693 1918 801 1977 veteris
830 1919 950 1996 egregia
978 1917 1118 1976 nobilitas

70 2026 96 2066 ao
111 2007 272 2080 eminebat,
304 2008 355 2066 sed
381 2010 549 2066 maternum
585 2025 676 2084 genus
708 2006 879 2065 humilitare
911 2008 1033 2067 conatus
1066 2008 1119 2080 est,

112 2097 197 2170 quasi
219 2115 278 2154 non
302 2097 341 2155 sit
364 2096 411 2154 illi
436 2096 473 2154 ad
501 2095 646 2173 originem
663 2097 795 2170 parentis
814 2096 969 2170 utriusque
988 2095 1118 2173 dignitas

111 2186 269 2244 vetustatis
293 2185 432 2261 aequalis.

177 2273 433 2333 Honestissimi
456 2274 610 2352 generis,
633 2273 693 2332 sed
714 2275 832 2333 tamen
855 2273 1036 2332 Asculani.

177 2360 319 2421 Asculum
346 2363 451 2422 civitas
480 2365 525 2422 est
550 2363 582 2420 in
605 2361 726 2436 Piceno,
754 2362 830 2421 unde
859 2363 950 2421 etiam
972 2360 1120 2437 principia

72 2468 97 2508 aa
111 2450 182 2507 belli
205 2452 322 2510 socialis
346 2453 488 2512 arserunt.

180 2607 211 2654 11
222 2618 276 2670 sqq.
299 2601 355 2656 Cic.
375 2618 425 2671 pro
438 2602 553 2657 Plancio
567 2602 631 2656 VIII
646 2608 679 2656 20
700 2601 775 2655 Num
793 2601 905 2670 quando
923 2600 1001 2654 vides
1015 2600 1120 2653 Tuscu-

111 2671 207 2724 lanum
235 2672 357 2740 aliquem
385 2672 420 2726 de
447 2673 483 2725 M.
508 2672 612 2727 Catone
641 2715 704 2740 ...,
733 2691 800 2725 num
824 2672 858 2726 de
885 2670 927 2725 Ti.
947 2670 1119 2724 Coruncanio

112 2742 253 2810 municipe
268 2759 317 2795 suo
338 2784 378 2795 ...
398 2742 529 2812 gloriari?

181 2818 274 2880 lasqq.
294 2812 349 2867 Cic.
366 2812 434 2866 Cato
456 2814 546 2866 maior
564 2813 628 2868 XVI
646 2818 679 2867 55
707 2813 752 2866 Μ’.
768 2811 878 2878 Curius,
907 2828 969 2865 cum
989 2812 1023 2864 de
1043 2810 1120 2864 Sam-

113 2881 219 2934 nitibus
257 2925 262 2935 .
288 2925 292 2936 .
317 2926 321 2936 .
359 2883 574 2952 triumphasset,
611 2882 784 2952 consumpsit
820 2883 974 2935 extremum
1009 2882 1119 2950 tempus

114 2952 215 3006 aetatis
236 2995 240 3006 .
258 2996 284 3006 ..
305 2953 342 3019 ad
364 2953 456 3007 focum
479 2952 589 3008 sedenti
608 2970 742 3023 magnum
764 2952 825 3006 auri
849 2951 957 3021 pondus
981 2951 1119 3006 Samnites

115 3042 178 3078 cum
198 3024 367 3092 attulissent,
385 3024 527 3093 repudiati
546 3026 622 3090 sunt,
641 3041 696 3078 non
715 3023 790 3078 enim
808 3039 907 3077 aurum
923 3023 1026 3078 habere
1040 3039 1120 3091 prae-

115 3095 221 3149 clarum
240 3095 294 3150 sibi
311 3094 400 3150 videri
419 3095 498 3162 dixit,
517 3096 566 3150 sed
585 3096 633 3163 eis,
652 3096 702 3164 qui
719 3096 863 3162 haberent,
882 3095 1025 3164 imperare.

183 3174 217 3220 24
235 3169 270 3235 cf.
289 3167 347 3221 Liv.
368 3184 424 3236 per.
444 3166 548 3220 LXXII.

183 3316 196 3362 1
216 3310 316 3379 inquid
332 3309 379 3366 (lm
415 3326 448 3365 ex
465 3311 541 3366 codd.
553 3309 606 3366 Cic.
678 3315 695 3362 4
715 3310 1043 3365 loc.uo.lio.=16litt.
1060 3326 1120 3373 ωγ-

115 3382 239 3448 sopora.
262 3385 388 3450 αὔξηειεὶ)
435 3387 467 3435 10
481 3381 605 3437 MorioC
670 3380 818 3435 11Teb.0
852 3378 1086 3434 Conunoan'xnstt
1117 3437 1124 3447 Β

117 3457 149 3505 13
163 3452 308 3508 trifanitC
356 3459 388 3505 14
403 3453 477 3520 quod
487 3453 594 3509 sibime
644 3457 675 3506 tt
693 3449 945 3522 ipseacodd.(lto.
985 3449 1028 3494 &b
1037 3451 1160 3501 amm

115 3539 158 3576 ⁷²2⁰
177 3524 249 3590 quod
263 3524 292 3576 tn
309 3523 347 3580 Or
382 3523 559 3584 dextruxitO
610 3530 644 3581 tt
660 3521 843 3596 aegregiae
893 3522 934 3568 as
949 3501 1134 3566 esaiam*
1143 3495 1182 3541 bt
