2460 3816
164 183 208 247 20
413 179 452 233 IN
476 178 638 234 CLODIUM
660 179 707 233 ET
731 178 928 234 CURIONEM.

162 351 333 427 asperitatis
367 351 397 407 et
429 349 620 421 facetiarum,
658 346 764 421 quibus
796 366 891 406 mores
924 349 1080 422 utriusque
1112 367 1179 422 pro·

163 439 273 499 scindit
300 441 330 497 et
357 437 393 495 de
421 437 608 513 singulorum
634 436 718 494 vitiis
747 454 837 510 quam
865 438 964 511 potest
991 435 1179 494 acerbissime

162 529 303 604 loquitur.
351 525 409 583 Sed
437 526 516 582 enim
548 525 730 599 principium
760 524 849 582 huius
882 525 1010 583 offensae
1039 525 1134 582 fertur
1162 544 1179 583 a

162 617 194 675 P.
210 615 297 675 Clodi
318 617 405 673 reatu
428 612 619 672 descendisse.
656 612 735 671 Nam
753 613 835 671 uisus
856 616 901 672 est
919 614 951 671 in
975 611 1062 672 domo
1080 614 1179 688 ponti·

162 706 225 764 ficis
258 704 382 762 maximi
415 700 445 761 C.
470 699 604 760 Caesaris
635 700 826 776 eiusdemque
854 703 1001 775 praetoris
1033 704 1180 760 incestum
1208 721 1220 763 5

163 795 268 852 fecisse
297 809 363 849 curn
392 792 455 849 eius
482 809 573 848 uxore
595 789 738 864 Pompeia
762 783 856 867 [cum]
885 808 919 849 eo
946 792 1093 865 tempore,
1122 809 1179 864 quo

163 901 217 958 per
231 880 366 938 Vestales
390 880 521 956 virgines
546 880 576 936 et
598 881 750 937 matronas
773 878 997 936 honestissimas
1021 879 1053 935 11
1077 881 1180 953 operto

163 972 265 1029 Bonae
293 968 373 1026 Deae
401 966 579 1026 sacrificium
606 968 679 1026 viris
708 966 844 1026 omnibus
872 967 1055 1025 inaccessum
1082 965 1179 1026 fiebat.

163 1059 250 1118 Unde
279 1056 378 1115 elabso
406 1058 507 1114 tamen
531 1053 635 1114 Clodio
663 1074 773 1132 magna
799 1055 915 1114 invidia
944 1055 1128 1130 percrebruit
1151 1058 1181 1113 61

164 1147 292 1206 infamia
324 1146 588 1218 caerimoniarum,
619 1147 655 1202 ut
687 1146 806 1202 senatus
840 1142 994 1202 decernere
1027 1146 1181 1221 cogeretur
1196 1163 1222 1202 16

165 1237 248 1295 omni
271 1234 428 1310 diligentia
451 1232 606 1291 consulum
633 1231 908 1309 pervestigandum,
940 1233 967 1291 si
997 1232 1076 1308 quod
1103 1235 1180 1291 esset

164 1323 293 1400 publicis
308 1321 503 1399 religionibus
517 1321 647 1379 inlatum
660 1321 818 1398 flagitium.
837 1320 1004 1380 Accedebat
1017 1321 1075 1380 huc
1089 1322 1181 1379 etiam

164 1411 383 1488 praeiudicium
416 1410 564 1485 quoddam
588 1407 619 1467 C.
644 1408 779 1468 Caesaris
811 1411 906 1484 ipsius
933 1409 1096 1485 pontificis,
1130 1411 1181 1485 qui

165 1520 289 1559 uxorem
313 1518 400 1558 suam
421 1500 492 1557 ilico
514 1499 693 1573 repudiavit.
729 1499 803 1557 Post
826 1498 905 1573 quod
927 1517 994 1558 reus
1013 1498 1049 1556 de
1067 1500 1181 1557 incesto

164 1591 263 1658 factus
296 1590 342 1647 est
373 1587 404 1645 P.
430 1585 551 1646 Clodius
584 1588 741 1646 accusante
772 1585 805 1644 L.
833 1585 975 1661 Lentulo,
1007 1586 1181 1646 defendente
1197 1607 1222 1647 11

167 1677 198 1736 C.
222 1675 351 1735 Curione
383 1680 476 1752 patre.
526 1676 606 1734 Nam
638 1678 698 1734 tres
730 1676 792 1734 illis
825 1675 1008 1751 temporibus
1038 1674 1181 1735 Curiones

122 1838 125 1843 .
166 1767 290 1824 inlustri
312 1766 432 1824 nomine
456 1765 618 1822 extiterunt
641 1767 731 1839 atque
753 1766 786 1821 in
808 1764 893 1824 libris
917 1764 1013 1823 adhuc
1031 1765 1182 1824 ferrmtur:

167 1852 256 1912 Curio
283 1872 370 1927 avus,
398 1855 451 1928 qui
474 1852 610 1911 Servium
633 1853 775 1911 Fulvium
801 1854 908 1912 incesti
934 1873 1018 1911 reum
1041 1852 1182 1928 defendit,

167 1945 197 2001 et
224 1943 273 2001 hic
301 1940 332 2000 C.
357 1940 447 1999 Curio
475 1943 573 2016 pater,
606 1943 660 2016 qui
687 1940 718 1998 P.
743 1939 847 2000 Clodio
876 1942 985 2015 adfuit,
1018 1944 1047 2000 et
1073 1944 1182 2001 tertius

166 2032 219 2088 ille
239 2029 329 2088 Curio
348 2029 535 2102 tribunicius,
560 2031 613 2104 qui
630 2028 708 2088 bello
728 2030 811 2088 civili
829 2029 1010 2105 Pompeiano
1028 2032 1061 2088 in
1079 2030 1182 2090 Africa
1197 2052 1223 2091 eo

166 2121 270 2195 periit,
300 2137 367 2177 oum
397 2120 474 2176 esset
503 2119 635 2193 partium
669 2116 817 2191 Caesaris,
847 2137 1005 2193 oppressus
1039 2113 1110 2197 [est]
1145 2119 1182 2178 ab

164 2207 319 2282 equitibus
338 2206 429 2265 Iubae
447 2208 535 2283 regis.
569 2205 627 2264 Sed
645 2207 787 2266 hactenus
811 2207 847 2265 de
867 2205 1044 2266 Curionibus
1068 2207 1183 2266 dictum

164 2298 216 2365 611.
253 2296 382 2355 Multum
401 2296 511 2369 diuque
529 2294 640 2354 habitis
660 2296 928 2355 concertationibus
951 2297 1020 2373 ante
1038 2296 1183 2354 iudicium

167 2384 200 2442 P.
225 2383 346 2442 Clodius
375 2403 393 2441 a
420 2383 592 2441 turbulenta
620 2383 825 2456 multitudine,
855 2403 891 2441 16
920 2403 1040 2443 causam
1063 2384 1182 2458 diceret,

169 2490 228 2530 non
253 2473 317 2530 sine
339 2472 455 2545 impetu
478 2471 633 2529 seditionis
658 2473 777 2530 adiutus
801 2475 847 2530 est
870 2474 989 2531 auctore
1007 2473 1095 2530 huius
1115 2492 1182 2532 con·
1198 2493 1223 2533 11

168 2561 342 2634 spirationis
367 2558 400 2626 Q.
424 2558 507 2616 Fufio
532 2557 642 2618 Caleno
669 2559 789 2618 tribuno
813 2560 867 2635 pl,
895 2563 978 2619 cuius
1001 2562 1183 2619 mentionem

168 2647 377 2706 creberrimam
401 2647 517 2706 Tullius
545 2649 577 2705 in
600 2648 756 2723 Filippicis
782 2649 969 2707 orationibus
997 2650 1078 2707 facit.
1125 2648 1183 2707 Ob-

168 2739 299 2795 stinante
322 2755 392 2795 vero
420 2755 513 2810 paene
537 2737 675 2795 universo
699 2739 804 2794 senatu
835 2756 889 2812 pro
913 2738 1110 2796 sanctimonia
1138 2757 1183 2795 re·

168 2825 315 2902 ligionum
348 2824 488 2883 adversus
521 2826 632 2883 crimen
664 2826 771 2883 incesti
797 2824 908 2884 iudices
936 2827 1037 2883 tamen
1071 2825 1109 2883 ad
1136 2845 1183 2884 ex-

237 3015 333 3077 19166,
359 3009 458 3063 Α6661.
483 3016 583 3077 65,19
617 3010 644 3065 C.
669 3009 773 3082 <Curio
800 3009 903 3082 pater>
932 3009 1058 3064 Curionis
1087 3011 1183 3064 adule-

170 3080 272 3133 6661116
292 3080 360 3144 eius,
380 3080 429 3147 qui
447 3080 521 3134 bello
542 3081 619 3134 civili
638 3080 763 3135 Caesaris
782 3079 838 3134 fuit
856 3081 986 3150 partium.

237 3155 269 3202 27
297 3149 369 3202 Phil.
384 3149 448 3202 VIII
464 3156 560 3218 lisqq.
580 3151 699 3220 X3sqq.
718 3151 812 3204 xire.
832 3151 921 3204 XIII.

236 3329 251 3376 4
285 3326 349 3378 ratu
369 3325 393 3379 0
416 3325 526 3380 incestu
544 3344 570 3381 m
593 3327 715 3394 iratae,
737 3343 805 3383 corr.
827 3327 865 3382 Or
946 3331 961 3380 6
994 3343 1061 3381 corr.
1085 3345 1112 3380 16

171 3395 357 3481 1116111160
426 3396 662 3479 21<nam>eum
675 3416 702 3453 m
716 3415 779 3452 cum
794 3397 912 3470 (enim)
924 3414 967 3453 mo
1011 3397 1184 3523 §dub-cum

171 3466 277 3520 Mulier
312 3468 356 3520 est
374 3465 522 3522 dedBecer
594 3469 811 3539 assequtus·
886 3469 1009 3526 21038
1039 3469 1090 3522 ΙΝΕ
1125 3469 1183 3542 {Te

160 3536 296 3589 obstante
312 3553 370 3603 mc,
389 3554 458 3594 corr.
473 3538 509 3594 St
580 3545 613 3595 28
632 3556 704 3611 pene
724 3540 748 3596 C
