2460 3816
442 139 457 199 5
477 138 546 187 3-5
570 130 680 204 Fragm.
695 133 776 186 I-V.
1072 133 1116 199 35

101 302 207 360 obnixe
249 303 395 377 persecuti
436 303 509 376 sint,
550 320 663 378 poenae
703 301 862 360 videantur
898 301 1115 379 quodammodo

101 390 256 465 destinati,
293 390 364 449 dum
393 391 518 469 singmlis
551 392 663 449 crimen
690 390 813 466 aliquod
844 392 875 449 et
905 391 1021 452 invidia
1047 410 1115 450 con-

100 480 153 538 flat
191 525 196 536 .

168 568 424 647 Strangulatcs
448 570 578 627 maluit
601 568 727 626 dicere.
1128 561 1219 630 Frgffl·

72 677 84 717 a
166 657 326 716 Adfectata
366 661 397 717 et
433 660 564 716 oratoria
606 657 734 733 quadam
771 657 937 716 calliditate
972 658 1029 716 hoc
1069 659 1115 716 uti
1168 632 1179 685 ¹

100 746 191 806 verbo
222 747 379 805 Decimum
414 745 549 805 Laelium
589 748 791 806 accusatorem
827 747 956 805 voluisse
993 746 1116 805 denotat

101 833 217 910 (licere,
253 839 289 896 ut
323 837 498 894 memoriam
530 835 670 895 videlicet
702 854 805 894 eorum
835 836 1028 911 resculperet‚
1062 837 1115 910 qui

100 943 168 982 cum
198 923 326 984 Lentulo
361 926 394 983 in
431 943 547 984 carcere
582 943 693 1002 poenas
730 924 873 983 dederant
904 926 972 999 post
1002 924 1116 983 indicia

99 1014 277 1071 litterarum.

57 1121 84 1160 10
166 1100 257 1170 Quid
285 1102 355 1161 sibi
382 1121 479 1163 meus
505 1103 732 1161 necessarius
762 1100 891 1160 Caetra
917 1099 1057 1161 voluit?
1126 1092 1219 1162 Frgm·

167 1190 388 1251 Subscribserat
418 1191 468 1249 hic
500 1193 580 1251 inter
616 1192 727 1250 ceteros
765 1190 888 1250 Decimo
924 1189 1027 1249 Lache
1065 1210 1112 1250 ac·
1157 1164 1183 1216 Π

98 1282 236 1339 cusatori.

165 1367 256 1437 Quid
279 1387 361 1428 vero
385 1366 585 1428 Decianus?
1126 1359 1218 1428 Frgm·

164 1458 205 1516 Et
239 1458 289 1516 hic
323 1458 505 1533 subscriptor
536 1457 608 1532 fuit,
644 1456 754 1534 Apulei
785 1457 911 1516 Deciani
940 1457 1020 1516 filius
1053 1457 1114 1516 iam
1151 1430 1190 1483 ΠΙ

56 1564 82 1604 15
97 1566 191 1621 nuper
223 1547 370 1620 damnati,
403 1565 471 1605 cum
501 1546 638 1606 tribunus
670 1546 709 1621 pl.
739 1548 815 1607 esset
847 1547 877 1604 et
907 1547 940 1603 in
969 1546 1114 1604 ultionem

97 1635 207 1711 Apulei
239 1635 395 1694 Saturnini
426 1654 480 1694 nec
511 1636 609 1694 minus
642 1636 733 1693 etiam
764 1632 795 1693 (l.
819 1634 940 1693 Servilii
972 1632 1113 1693 Glauciae

96 1725 192 1782 multa
228 1725 363 1800 improbe
399 1725 596 1799 seditioseque
633 1725 845 1782 committeret:
887 1742 980 1798 quam
1012 1725 1113 1782 tamen

97 1813 319 1872 damnationem
350 1832 454 1889 passus
481 1813 514 1871 in
536 1813 665 1871 Pontum
692 1832 723 1872 se
751 1814 781 1871 ct
808 1811 845 1870 ad
873 1814 973 1887 partes
995 1811 1113 1870 Mithri·

97 1902 211 1961 daticas
243 1902 378 1961 contulit.
429 1900 494 1970 Quo
525 1903 591 1977 ipso
622 1902 779 1960 infamiam
810 1901 925 1979 generis
957 1902 1020 1960 eius
1047 1919 1113 1977 per-

56 1993 220 2069 restringit
248 1995 362 2066 orator,
394 1993 428 2049 ut
459 1992 596 2050 imitatus
624 1990 841 2065 quodammodo
868 1991 985 2066 patrem
1013 1991 1113 2049 omnia

97 2100 151 2155 pro
173 2080 309 2140 hostibus
333 2081 442 2139 sentire
464 2079 610 2139 rideatur.

163 2169 309 2228 Utinam
345 2172 439 2228 esset
475 2169 622 2244 proprie
658 2169 749 2226 mea!
809 2168 961 2226 Senatus
996 2157 1218 2245 igiturFrgm·

96 2276 223 2336 magna
246 2278 285 2316 ex
312 2261 422 2333 parte.
1148 2228 1187 2282 IV

162 2347 237 2405 Mire
255 2348 304 2405 hic
322 2347 476 2422 respondit
556 2346 762 2405 Remotionem
781 2345 914 2404 facturus
933 2345 965 2402 in
984 2346 1113 2403 auctori·

56 2452 81 2492 aa
95 2438 191 2493 tatem
213 2438 345 2511 senatus,
374 2454 432 2510 quo
456 2435 630 2494 decernente
652 2436 752 2511 puniti
775 2435 836 2493 sint
859 2431 1007 2492 Catilinae
1030 2435 1113 2510 socii,

96 2524 287 2599 amplectitur
306 2524 455 2600 quoddam
472 2527 585 2598 votum,
609 2525 695 2600 quasi
717 2524 849 2599 potuerit
874 2524 965 2581 etiam
984 2523 1112 2601 gloriose

96 2613 230 2671 confiteri
248 2616 400 2672 auctorem
418 2633 448 2673 sc
471 2614 553 2672 illius
576 2615 669 2672 fuisse
688 2613 841 2688 supplicii3
864 2613 960 2689 magis
979 2613 1058 2669 enim
1077 2630 1112 2669 ex

95 2702 151 2760 hoc
177 2703 337 2760 remotioni
358 2701 485 2761 firmitas
509 2701 695 2776 adquiratur,
723 2702 749 2759 si
775 2701 909 2776 potuerit
931 2717 995 2758 esse
1020 2701 1112 2757 etiam

94 2792 189 2866 ipsius
214 2789 250 2847 dc
273 2808 304 2848 se
327 2790 478 2848 laudanda
500 2791 654 2849 confessio.

55 2896 81 2935 ac
162 2878 236 2952 Dii,
259 2880 417 2954 inquam,
435 2879 661 2937 inmortales!
706 2875 971 2934 Lentulum
1124 2865 1215 2990 Frem-

415 3035 544 3111 (Desunt
568 3037 621 3097 IV
635 3034 789 3110 raptaue.)
838 3025 845 3039 ’

163 3305 176 3351 1
202 3298 322 3351 obnixae
342 3296 365 3351 O
435 3301 468 3350 10
492 3296 567 3364 quod
588 3295 661 3361 Ome,
679 3312 747 3349 corr.
765 3293 802 3349 Or
857 3293 980 3348 Chaerea
1001 3294 1038 3349 Or

96 3375 182 3423 1416
210 3368 331 3437 Apulaei
352 3367 416 3423 Ome
507 3372 538 3420 1⁷
566 3366 756 3434 improban
842 3363 1041 3419 seditiosan

96 3446 129 3494 18
163 3437 574 3513 PdRTe”lMlTththlCOS
677 3443 711 3490 24
738 3435 880 3491 miran
949 3437 998 3490 lca
1017 3439 1037 3489 2
1058 3453 1107 3492 cm.

95 3514 128 3582 ψ
148 3527 195 3567 uu.
216 3513 264 3566 lia.
280 3536 314 3557 =
332 3514 368 3567 21
389 3511 438 3565 litt.
460 3511 600 3577 percaeca
617 3510 705 3579 suppl.
720 3509 763 3578 Zp
781 3509 848 3577 εὐχῇ
869 3511 914 3562 καὶ
934 3507 1116 3571 assumamus

945 3591 963 3620 1

929 3598 951 3643 ‘t
