2460 3816
139 149 200 214 138
517 149 589 205 PRO
612 149 768 205 PLANCIO

135 318 250 377 Iudices
274 337 344 397 ergo
362 337 423 378 non
441 319 529 379 laesit
551 322 581 378 et
601 321 787 396 propositum
805 320 950 379 malitiosi
968 320 1149 379 accusatoris

136 407 273 467 ostendit.

201 494 254 554 An
272 515 355 555 vero
379 515 491 572 nuper
514 498 712 557 clarissimi
734 499 830 556 cives
853 515 980 556 nomen
1003 496 1149 556 editicii

135 584 267 643 iudicis
290 603 359 644 uon
381 586 553 644 tulerunt.

200 673 307 732 Adhuc
330 673 462 748 eandem,
485 676 630 750 quantum
652 675 739 734 rebus
762 676 835 750 ipsis
861 676 993 750 apparet,
1016 675 1189 734 inculcata

134 763 325 837 iniquitatem
343 763 456 837 iudicii,
480 763 559 839 quod
576 762 745 823 Laterensis
764 766 799 822 ut
817 783 852 822 ex
870 763 998 822 editiciis
1016 762 1147 838 haberet,

134 852 262 910 maxime
284 851 481 911 laboraverat.
527 853 567 910 Et
589 853 645 911 hao
667 853 700 910 in
727 854 813 928 parte
836 853 1148 912 commemorationem

134 940 253 1000 videtur
275 941 372 999 facere
395 940 511 1000 Tullius
535 942 597 1000 eius
620 942 772 1017 temporis
796 961 854 1017 quo
878 940 999 1000 Servius

454 1046 584 1120 (Deserat
605 1048 660 1106 IV
673 1047 827 1122 popinae.)

38 1156 113 1216 550.
275 1153 449 1231 suffragium
471 1155 598 1227 tulisset,
622 1173 690 1212 eum
711 1155 804 1213 totius
827 1154 933 1230 populi
956 1154 1146 1213 consensione
1161 1173 1189 1212 ιο

134 1243 227 1320 gratis
251 1241 439 1320 designatum
463 1261 525 1301 esse
548 1243 740 1302 manifestum
763 1245 811 1302 sit.

198 1330 397 1406 Numquam
425 1333 517 1389 onim
544 1331 733 1406 nobilitas,
761 1333 904 1409 integra
930 1332 1147 1406 praesertim

134 1420 240 1494 atque
263 1421 447 1492 innocenS,
471 1439 489 1478 a
512 1421 644 1495 populo
669 1421 820 1495 supplex

261 1508 437 1584 exprobrare
455 1508 618 1568 identidem
636 1508 814 1585 superbiam,
833 1507 912 1584 quod
930 1509 1023 1566 nimia
1037 1507 1147 1567 fiducia

132 1596 299 1656 nobilitatis
327 1597 503 1675 dedignatus
532 1599 571 1657 sit
592 1599 703 1674 populo
732 1598 899 1672 supplicare
926 1614 961 1656 ao
987 1598 1147 1673 propterea
1161 1617 1187 1657 15

131 1704 191 1743 non
213 1687 419 1761 impetraverit
442 1686 639 1760 aedilitatem,
667 1705 743 1762 quae
766 1705 784 1744 a
805 1686 928 1744 Plancio
951 1684 1146 1745 verecundius

132 1775 220 1850 atque
244 1774 399 1834 demissius
422 1778 581 1851 peteretur.

35 1867 110 1928 §51-
196 1863 292 1923 Avus
320 1882 403 1922 vero
431 1866 513 1922 tuus
542 1866 576 1922 et
598 1863 630 1922 P.
653 1864 807 1922 Nasicae
837 1863 908 1922 tibi
935 1863 1146 1921 aediliciam

129 1952 362 2028 praedicaret
383 1954 574 2028 repulsam.

197 2041 306 2098 Totum
337 2042 393 2099 hoc
517 2041 698 2100 sufficienter
732 2042 869 2117 implevit
902 2085 966 2115 ...,
1003 2041 1187 2116 quoniamae

130 2129 241 2187 fecerat
263 2130 315 2187 illo
339 2132 609 2205 quaestiunculam,
637 2134 671 2189 ut
698 2130 824 2189 ambisse
848 2129 1003 2187 Plancium
1031 2148 1066 2187 ex
1088 2129 1144 2187 hoc

129 2217 317 2293 probaretur,
349 2219 429 2293 quod
459 2222 646 2295 praepositus
679 2221 756 2278 esset
787 2218 972 2278 nobilissimo
1005 2219 1143 2276 senatori.

129 2306 187 2364 Hic
202 2326 271 2384 ergo
289 2309 376 2382 quasi
395 2327 429 2365 ox
447 2326 573 2383 persona
596 2310 691 2382 patris
711 2310 773 2367 eius
793 2311 822 2367 et
841 2309 891 2366 avi
910 2307 945 2366 de
965 2307 1032 2365 aliis
1052 2308 1143 2365 etiam

129 2395 278 2454 nobilibus
297 2397 402 2454 intulit
420 2398 608 2469 montionem,
632 2415 706 2472 quos
729 2397 862 2472 repulsos
882 2396 918 2454 ab
941 2397 1052 2454 honore
1075 2413 1142 2453 con·

129 2483 235 2542 stabat.
277 2484 333 2542 Illo
357 2486 452 2562 igitur
474 2486 627 2543 contendit
650 2487 916 2562 argumentationis
941 2485 1070 2558 effectus,
1094 2502 1142 2542 eos
1158 2504 1184 2544 as

128 2573 176 2631 vel
209 2575 349 2646 maxime,
383 2574 436 2648 qui
466 2572 573 2632 blande
606 2576 636 2632 et
668 2575 843 2650 suppliciter
873 2576 991 2648 petant,
1023 2573 1142 2631 facilius

129 2661 280 2739 designari
303 2662 405 2736 solere,
429 2663 547 2738 quando
571 2662 709 2738 superbia
731 2663 912 2721 nobiliorum
936 2662 974 2720 ad
995 2661 1142 2720 invidiam

129 2751 191 2810 sive
215 2751 316 2809 odium
338 2752 501 2827 proclivior
524 2771 586 2812 esse
609 2753 767 2810 consuerit.

195 2909 210 2956 3
235 2903 343 2958 editicii
366 2904 441 2958 codd.
459 2905 512 2959 Cic.
536 2903 683 2958 editicium
707 2905 771 2959 Ome
861 2909 877 2956 5
901 2903 1013 2957 adhunc
1037 2902 1060 2957 0

129 2980 144 3028 8
168 2975 217 3044 88ss
242 2974 351 3029 Servius
376 2974 517 3043 Sulpicius
539 2991 582 3029 mo
604 2976 662 3028 coll.
684 2975 737 3030 Oto.
753 2992 807 3044 pro
827 2976 949 3029 Maroae
966 2978 1012 3040 23,
1022 2977 1057 3026 47

129 3051 161 3099 12
177 3046 252 3098 enim
265 3045 323 3099 fere
337 3046 412 3099 codd.
425 3047 478 3100 Cic.
536 3050 568 3098 13
582 3044 687 3114 populo
702 3045 828 3099 Romano
843 3045 918 3100 codd.
931 3047 985 3101 Cic.
1023 3042 1142 3112 supplex

127 3116 261 3198 probrare
285 3117 308 3171 0
328 3115 447 3184 supplex
466 3116 635 3198 <repudiata
658 3115 743 3199 fuit).
777 3117 935 3199 Eaprobrat
956 3132 1000 3170 mo
1023 3112 1141 3182 supplex

126 3186 298 3324 {saltat
320 3188 383 3311 ⁶⁸i'v
402 3186 474 3324 dai.
491 3205 521 3240 ¹¹¹
543 3185 1087 3314 lassataslasatas.
1095 3201 1142 3240 ⁰*

126 3327 167 3381 ibi
179 3329 203 3383 0
271 3333 304 3381 20
320 3330 369 3383 lac.
381 3333 397 3382 3
408 3331 441 3399 -{-
452 3328 501 3401 1¹l,
513 3346 560 3383 cra.
568 3355 600 3374 =
611 3334 629 3384 8
639 3331 690 3384 liu.
701 3332 863 3398 eresippus?
900 3331 950 3384 loc.
961 3329 1021 3397 5-1-
1032 3327 1140 3400 4¹s,cm.

127 3477 160 3497 =
174 3455 212 3506 25
224 3453 275 3508 litt.
289 3456 521 3520 παραδειγμάτων
541 3453 754 3520 καταριθμήεειῖ
826 3459 858 3506 21
880 3446 947 3508 bb⁰C
1015 3458 1049 3506 22
1069 3403 1140 3521 (11Ιὸ

117 3522 508 3591 ΡΚΔᾷΡΟδΙΠΤΗΙΕὸὃΕΤ
548 3524 767 3580 nobilissimos*
850 3530 882 3578 23
906 3524 1042 3580 ὰῑΙΙὰΕδΕ
