2460 3816
111 158 155 225 b‘l
506 154 578 209 rao
601 153 738 209 iunceo

256 343 314 401 quo
343 343 450 401 genere
476 322 589 401 figurae
617 322 790 382 creberrime
821 324 930 397 utitur,
963 321 1128 381 etidcirco

112 414 202 475 seruet
235 415 325 491 atque
356 413 465 473 iterum
496 411 732 471 demonstratum
758 413 820 470 iam
846 413 878 469 in
905 412 1010 470 ceteris
1037 413 1128 469 etiam

112 521 166 565 sua
189 505 294 581 sponte
319 502 413 563 lector
436 501 604 578 adgnoscet.

180 590 395 669 Subsignari
422 592 510 664 aput
538 589 716 648 aerarium
744 592 805 647 aut
833 591 919 665 aput
948 606 1129 648 censorem

112 681 263 757 prissiut.
1157 697 1171 738 1

183 770 224 827 lle
246 771 310 827 iure
332 768 466 842 loquitur
487 767 690 843 praediorum,
718 768 750 824 in
773 786 849 842 quae
871 787 924 842 per
947 768 1008 826 vim
1031 769 1062 825 et
1083 767 1131 824 in-

112 859 221 917 iuriam
244 855 401 916 videbatur
422 857 567 915 invasisse
585 856 741 915 Decianus.
776 855 903 914 Praedia
926 858 1035 930 autem,
1054 873 1131 930 quae

112 949 176 1006 iuro
208 946 343 1022 legitimo
374 963 434 1003 non
466 944 625 1018 habentur,
657 963 752 1020 neque
784 947 858 1021 aput
889 947 1036 1003 aerarium
1063 945 1131 1004 sub-

112 1036 227 1113 signari
262 1052 358 1108 neque
395 1036 468 1109 aput
500 1051 650 1092 censorem
680 1037 812 1109 possunt.
867 1033 908 1092 Et
939 1033 1132 1111 subsignandi

113 1124 186 1183 haec
210 1121 324 1180 solebat
347 1140 435 1180 causa
453 1116 547 1199 (esse,
569 1116 625 1199 ut>
643 1125 696 1181 aut
718 1123 770 1198 qui
793 1122 952 1200 vectigalia
974 1123 1133 1181 redimeret
1147 1142 1172 1181 16

114 1214 167 1271 aut
190 1211 242 1285 qui
265 1229 319 1285 pro
341 1212 476 1285 mancipe
496 1211 688 1288 vectigalium
706 1211 794 1269 fidem
812 1230 897 1270 suam
921 1211 1132 1286 interponeret,

113 1300 178 1359 loco
201 1299 332 1376 pigneris
356 1298 478 1374 praedia
502 1319 556 1358 sua
578 1302 622 1358 rei
646 1320 673 1375 p.
693 1300 869 1378 obligarent,
892 1301 991 1375 quoad
1015 1319 1132 1359 omnem

113 1390 271 1465 pecuniam
292 1388 471 1447 redemtores
495 1389 687 1467 uectigalium
709 1392 908 1464 repensarent.

21 1481 97 1545 582.
185 1476 231 1534 Ut
254 1476 401 1535 duceret
423 1476 617 1536 iudicium?

180 1565 223 1623 Ut
245 1564 433 1640 protraheret
455 1584 562 1625 causae
585 1568 792 1644 cognitionem.
1147 1585 1171 1625 15

181 1654 356 1713 Invidisti
387 1655 532 1733 ingenio
566 1656 828 1731 subscriptoris
856 1657 923 1729 tui;
956 1655 1048 1730 quod
1077 1673 1131 1714 or·

114 1743 226 1802 nabat
247 1743 364 1802 facete
387 1745 504 1803 locum
527 1765 629 1821 quem
651 1744 855 1819 prenderat.

181 1831 264 1890 Haec
417 1831 519 1892 Cicero
560 1834 633 1891 dicit
673 1833 889 1892 intentissimos
930 1835 1062 1891 oratores
1102 1836 1132 1891 et

116 1920 199 1979 nulla
236 1920 422 1996 eloquentiae
456 1922 608 1998 praeditos
645 1922 790 2000 dignitate
822 1923 924 1982 volens
957 1921 1133 1999 significare,

116 2027 189 2085 quos
227 2027 279 2067 nec
316 2012 442 2084 pecunia
479 2013 634 2085 corruptos
669 2011 706 2069 ab
738 2011 839 2086 aliquo
872 2010 1016 2085 suspicari
1052 2013 1132 2087 quis·
1147 2031 1173 2069 ao

117 2117 207 2174 quam
248 2097 366 2173 debeat,
407 2118 532 2174 quorum
573 2101 727 2178 ingenium
763 2099 874 2175 despici
910 2099 1005 2176 magis
1043 2119 1134 2174 quam

24 2198 28 2205 ’
116 2187 217 2245 timeri
239 2190 396 2262 oporteret.

21 2277 97 2340 §83-
184 2275 228 2332 ut
273 2294 347 2333 eum
393 2279 431 2333 tu
475 2295 619 2335 accusas
662 2277 854 2350 avaritiae,
900 2296 1000 2352 quem
1041 2276 1133 2336 dicis

117 2364 325 2424 sestertium
348 2365 485 2423 viciens
509 2367 667 2425 voluisse
690 2364 861 2441 perdere?

184 2451 258 2510 Cum
281 2454 425 2511 stomachi
449 2454 608 2528 asperitate
630 2454 775 2530 proscidit
796 2454 967 2528 Lucceium,
995 2456 1047 2529 qui
1069 2456 1134 2513 tam
1148 2472 1173 2512 as

117 2542 227 2600 nullius
258 2542 443 2616 eloquentiae
471 2543 523 2616 sit,
555 2545 589 2600 ut
616 2543 738 2602 Flaccus
766 2562 832 2601 eam
859 2545 1016 2618 pecuniam
1043 2544 1134 2602 fuerit

117 2631 286 2707 perditurus
310 2649 344 2689 eo
371 2634 524 2706 parcente,
556 2633 608 2706 qui
635 2635 697 2689 tam
725 2632 808 2690 inani
835 2635 912 2690 esset
937 2633 1071 2710 ingenio,
1099 2636 1133 2690 ut

119 2722 175 2779 etsi
196 2720 323 2778 maxime
347 2723 475 2795 cuperet,
498 2722 598 2779 tamen
622 2739 725 2780 nocere
748 2740 806 2779 non
829 2724 937 2796 posset.

22 2811 97 2871 584.
183 2808 286 2867 Nihil
317 2810 437 2883 potest
457 2809 508 2871 odo
540 2811 658 2868 tutela
689 2810 854 2887 legitima
881 2809 953 2869 nisi
981 2809 1134 2868 omnium

117 2901 276 2958 tutorum
299 2900 519 2956 auctoritate
543 2899 709 2957 deminui.
1148 2919 1175 2958 eo

187 3107 200 3153 1
226 3101 275 3155 lae.
290 3106 414 3155 dem:
430 3104 529 3157 141111.
545 3105 751 3172 παρααώπηει(
766 3105 912 3172 supploso
985 3107 1135 3172 ipossent
1169 3096 1172 3101 ¹

121 3171 274 3240 Opossint
292 3172 434 3227 6611111016.
509 3178 524 3225 6
554 3175 650 3240 queo
722 3180 754 3227 10
782 3191 867 3228 causa
885 3174 968 3246 <esse
986 3175 1039 3247 ut>
1059 3175 1091 3230 St
1132 3178 1134 3183 ’

120 3242 328 3370 hildelini
351 3242 758 3372 1111111111
776 3245 1034 3372 31111111οἓ19
1057 3246 1133 3371 {ap

121 3331 288 3452 eibcbvuoc?
364 3391 398 3439 23
426 3357 546 3440 auaritia
567 3336 783 3443 abinensi
855 3336 890 3440 {4
917 3334 1134 3456 perdergpcbd.

122 3458 177 3511 otc.
192 3455 309 3524 prodere
325 3458 388 3512 Orno
456 3462 489 3510 25
508 3457 635 3512 Laelium
651 3460 714 3514 Orno
785 3465 818 3512 26
838 3461 940 3515 6111110
1010 3464 1043 3512 29
1062 3460 1135 3514 nihil

112 3527 188 3577 emin
211 3527 290 3581 codd
308 3529 362 3584 Cb'e.
423 3528 480 3584 nisi
501 3529 601 3586 Csina
620 3531 697 3588 codd.
713 3531 768 3586 Cic.
