2460 3816
540 93 688 202 §rr-m
786 74 790 81 .
1078 135 1117 198 11

104 308 208 367 statim
317 305 504 365 consulatum
531 321 619 363 suum
645 304 721 363 talia
753 301 879 363 edidisse
906 304 1118 364 moderationis

104 398 134 454 et
158 395 358 454 continentiae
382 395 412 453 et
434 394 555 454 virtutis
580 393 728 468 exempla,
755 395 871 451 utnon
893 393 957 469 ipse
979 412 1043 468 rex,
1067 393 1120 453 sed

104 485 172 544 aliis
214 503 339 562 regnum
380 481 598 542 adfectantibus
641 484 718 541 esset
757 481 904 540 inimicus.
969 481 1034 551 Qua
1071 501 1118 541 ex-

103 574 255 632 secutione
283 572 372 632 simul
399 574 430 630 et
456 571 572 630 invidia
599 569 708 630 liberat
740 571 949 629 auctoritatem
976 589 1061 631 suam
1089 573 1119 630 et

77 661 361 737 simpenetrabilius
397 661 472 720 facit
513 659 592 736 quod
633 660 671 718 ad
707 659 809 736 Syllae
844 661 1003 719 victoriam
1038 661 1118 719 locu-

104 754 189 810 turus
213 754 264 810 est.

192 838 245 897 An
267 840 306 897 tu
329 840 365 896 in
392 839 496 897 tanto
519 839 685 913 imperio,
707 840 812 896 tanta
833 840 1018 914 potestate
1050 856 1118 896 non

103 928 199 987 dices
232 947 283 986 me
315 927 429 986 fuisse
459 945 592 1005 regem,
628 944 720 985 nunc
751 928 935 1002 privatum
966 945 1117 1005 regnare

103 1015 217 1076 dicis?

63 1127 89 1166 ro
169 1105 197 1163 A
220 1107 333 1164 maiore
360 1104 399 1164 ad
425 1106 523 1163 minus
548 1148 615 1177 ...,
638 1105 686 1177 ut,
714 1103 794 1179 quod
820 1122 899 1162 nuno
925 1106 1061 1180 privatus
1085 1105 1117 1162 in

103 1193 286 1253 defendendo
303 1213 353 1253 reo
372 1193 615 1252 innocentissimo
634 1194 736 1268 faciat,
760 1212 819 1252 non
838 1194 878 1253 sit
895 1195 996 1271 regiae
1015 1212 1117 1269 super-

102 1283 182 1358 biae,
211 1283 263 1342 eed
289 1282 359 1342 fidei
385 1282 556 1361 religiosae,
585 1301 647 1357 qua,
667 1301 726 1340 non
749 1284 836 1358 putet
858 1283 1030 1341 innoeentes
1055 1301 1116 1342 esse

103 1372 295 1446 damnandos
318 1389 372 1430 nec
389 1371 478 1431 eadat
500 1372 630 1446 suspicio
652 1372 754 1448 regiae
773 1371 946 1447 cupiditatis
966 1373 998 1430 in
1016 1373 1116 1447 priva·

102 1463 168 1520 tum
191 1462 366 1535 senatorem,
390 1478 466 1535 quae
488 1479 548 1518 non
572 1459 711 1518 ceciderit
733 1461 765 1517 in
788 1461 946 1519 consulem.

63 1568 88 1610 15
170 1549 207 1607 Si
240 1551 371 1609 falsum
402 1549 567 1622 dixerim,
599 1549 634 1607 te
666 1549 702 1605 in
735 1548 875 1607 eosdem
907 1549 1055 1623 dixiss03
1088 1551 1118 1608 si

103 1658 237 1712 verum,
260 1658 329 1697 non
352 1656 428 1697 esse
451 1637 516 1697 hoc
538 1655 702 1716 regnare,
731 1655 807 1695 oum
829 1656 951 1696 verum
974 1640 1116 1697 iuratus

103 1727 217 1800 dicas,
239 1727 400 1802 probare.

168 1816 204 1874 ln
228 1817 322 1875 altero
422 1817 480 1889 est,
503 1817 535 1874 in
558 1815 652 1874 altero
751 1809 824 1872 ‘Aut
846 1814 978 1874 invidiae
1001 1833 1117 1874 mecum

103 1901 271 1981 particeps’,
294 1907 406 1981 inquit,
430 1899 604 1977 ‘videberiS‚
632 1904 658 1962 si
682 1904 754 1978 quid
775 1905 807 1960 in
830 1922 865 1962 eo
887 1905 1029 1982 regaliter
1051 1905 1116 1979 feci,

63 2014 89 2053 ao
104 1994 183 2069 quod
210 1996 242 2052 in
274 1994 433 2053 sceleratos
466 1993 600 2051 homines
632 1994 837 2051 testimonium
869 1991 943 2067 dixi,
976 1995 1117 2068 quoniam

103 2085 133 2141 et
160 2086 190 2142 te
213 2085 245 2141 in
268 2083 386 2142 eosdem
409 2082 518 2141 dixisse
540 2082 733 2140 manifestum
760 2083 821 2141 est:
849 2084 915 2155 aut,
942 2083 969 2141 si
991 2081 1063 2141 fides
1087 2083 1118 2140 et

102 2173 208 2249 religio
231 2173 404 2247 incorrupta
431 2172 464 2229 in
490 2171 552 2230 illis
580 2169 715 2230 omnibus
743 2171 924 2230 testimoniis
951 2172 1025 2245 fuit,
1057 2189 1117 2229 non

103 2263 203 2335 potest
228 2281 280 2319 rex
307 2261 416 2334 videri,
447 2261 499 2335 qui
525 2260 697 2319 testimonio
726 2259 837 2319 adserit
859 2253 1035 2319 veritatem?
1080 2259 1116 2318 In

103 2352 188 2423 parte
225 2351 319 2427 igitur
354 2350 501 2426 percussit
533 2349 679 2424 Torquati
710 2348 931 2422 verecundiam,
967 2350 999 2406 in
1030 2351 1116 2424 parte

62 2456 89 2497 ss
104 2438 194 2496 diluit
215 2440 324 2516 regalis
349 2439 442 2498 animi
467 2440 689 2514 proprietatem.
1209 2428 1212 2434 ¹

170 2527 257 2585 Uter
297 2528 440 2587 tandem
475 2545 535 2585 rex
575 2530 642 2601 eet,
683 2529 774 2600 isne,
811 2527 868 2584 oui
908 2525 1212 2586 innoeentessw·

103 2615 262 2674 homines
299 2635 367 2675 non
398 2616 589 2689 resistunt,
626 2634 668 2674 an
704 2616 748 2689 is,
786 2616 846 2690 qui
883 2615 1115 2674 calamitosos

103 2723 172 2761 non
195 2703 353 2764 deserit?
1123 2711 1124 2715 ’

254 2793 449 2867 praemiserat
480 2793 559 2850 enim
587 2791 733 2866 Torquati
763 2792 998 2865 propositionem
1029 2789 1116 2849 valde

62 2900 90 2940 ao
106 2880 370 2940 insolentissimam
393 2883 423 2939 et
440 2878 551 2938 liberae
574 2880 705 2937 civitatis
729 2877 797 2936 odio
821 2878 955 2955 dignam:
978 2873 1060 2936 ‘Nisi
1082 2881 1116 2937 tu

173 3092 187 3139 1
208 3087 291 3140 laod
348 3087 366 3138 3
383 3100 431 3139 cra.
443 3109 476 3129 =
493 3088 526 3139 16
541 3085 591 3137 litt.
610 3084 862 3151 ropocreudieror?
949 3087 964 3136 ὅ
983 3082 1115 3152 impetra·

104 3157 189 3210 biliue
206 3158 269 3212 (bno
329 3154 417 3226 yllam
434 3154 610 3209 uictorian
679 3156 775 3207 itum
793 3155 868 3209 codd.
886 3154 939 3210 Orc.
980 3156 1116 3222 tantaque

105 3231 181 3284 codd.
197 3229 251 3284 (lic.
324 3233 340 3282 8
364 3225 434 3280 dicis
448 3226 524 3281 codd.
541 3226 595 3282 oie.
669 3231 701 3278 10
726 3227 775 3281 loc.
790 3231 807 3280 3
821 3243 869 3281 cro.
881 3253 914 3272 =
929 3230 947 3280 6
961 3227 1011 3281 lete.
1030 3228 1116 3281 rouo<

104 3301 193 3368 suppl.
209 3300 250 3371 Zp
319 3305 352 3352 14
371 3297 556 3353 caecideritO
591 3303 623 3351 15
639 3297 767 3352 eincodcl.
780 3298 834 3353 Cio.
899 3303 932 3350 18
947 3298 1054 3352 toccu
1067 3298 1114 3351 lic.

107 3371 378 3440 -l-3cm.=2llitt.
416 3369 857 3438 loc.4em.=9litt.ep1cpece
931 3373 963 3421 19
983 3367 1086 3432 (ιμίω

105 3442 216 3497 fecitO
303 3447 336 3495 20
360 3441 520 3495 dixissetG
602 3445 636 3495 29
660 3433 1149 3509 tec.3÷eaa.=retea.out

105 3517 123 3567 5
137 3529 185 3568 cm.
197 3539 230 3558 =
245 3517 281 3567 12
295 3514 344 3569 litt.
366 3515 562 3582 ωλλογιεμὸεἳ
