2460 3816
479 137 589 207 araga.
611 143 723 191 rs-na
1063 137 1106 202 25

90 307 231 366 Removit
253 325 323 384 ergo
346 306 554 382 inpudentiam
576 305 818 381 reprehendentis
842 305 1014 366 amoribus
1038 308 1108 381 suis,

90 415 127 455 ne
151 397 199 454 uel
222 394 364 471 superbus
388 395 436 454 uel
459 396 586 453 nimium
609 394 753 453 delicatus
776 393 929 454 habeatur.

158 484 224 542 Per
261 502 362 559 quem
398 482 603 542 hominibus
640 482 838 542 maioribus
870 487 959 542 natu
995 503 1036 543 ne
1072 485 1108 541 in
1122 475 1215 544 Frem-

92 574 166 633 suis
204 572 345 648 quidem
381 572 543 648 praediis
584 575 684 646 tunc,
725 591 802 630 curn
842 572 973 632 Rornae
1014 573 1108 631 nihil
1133 545 1198 598 XIX

66 664 228 739 sugitur,
251 662 363 720 liceat
386 679 462 720 esse
485 653 765 740 valetudinique
788 663 934 722 servire.

160 749 307 828 Congesta
330 753 360 808 et
383 752 503 826 copiosa
526 749 657 809 defensio
681 751 781 809 estin
804 752 871 826 ipsa
898 751 1111 826 propositione,

92 843 127 898 ut
159 857 261 898 eorum
290 838 421 898 moribus
453 839 530 896 nihil
563 841 700 914 oporteat
732 840 917 915 exprobrari,
949 841 1001 916 qui
1031 843 1111 899 certo

92 932 225 1004 ternpore
248 929 320 986 anni
343 926 476 987 salubres
499 946 592 1003 aquas
615 931 732 1004 petant,
756 929 804 988 vel
828 931 899 1003 quia
922 931 1021 988 aetate
1043 948 1111 1004 pro-

93 1019 171 1076 vecti
198 1018 272 1091 sint,
301 1035 376 1091 quae
399 1017 491 1075 ferme
514 1017 655 1076 valetudo
678 1035 786 1092 parurn
813 1017 873 1076 fida
894 1019 948 1092 est,
970 1017 1018 1077 uel
1042 1019 1112 1092 quia

53 1129 79 1168 ro
93 1108 125 1164 in
144 1108 205 1166 suis
228 1105 358 1181 praediis
383 1105 580 1180 demorentur,
605 1106 684 1180 quod
703 1109 748 1164 est
765 1106 919 1184 legitimae
937 1108 1112 1181 honestatis,

93 1195 142 1254 vel
166 1194 295 1270 quia'eo
318 1198 460 1270 tempore,
489 1214 547 1270 quo
571 1196 633 1254 sint
655 1195 768 1254 Romae
791 1197 893 1254 omnia
917 1196 1113 1271 quietissima,

94 1303 131 1342 ne
155 1285 221 1359 quis
244 1285 300 1342 hoc
325 1283 363 1342 ad
385 1283 561 1361 fugiendum
583 1283 716 1343 laborem
740 1285 875 1343 civilium
897 1303 998 1343 rerum
1015 1285 1114 1342 facere

94 1372 246 1446 videatur,
277 1373 325 1431 uel
349 1373 429 1447 quod
456 1374 496 1432 sit
523 1372 694 1432 omnimodo
721 1373 889 1431 valetudini
916 1372 1114 1446 serviendum,

96 1480 172 1537 quae
194 1480 255 1520 non
277 1462 376 1520 minus
399 1462 473 1537 ipsis
502 1460 688 1521 senatoribus
712 1481 802 1536 qnam
829 1463 874 1520 rei
896 1483 924 1538 p.
948 1462 1115 1521 necessaria

55 1571 80 1612 rs
96 1553 144 1625 sit,
167 1552 202 1607 ut
223 1551 331 1608 fortius
355 1551 472 1626 possint
495 1549 576 1609 obire
600 1551 710 1624 omnia,
734 1569 809 1625 quae
833 1550 962 1628 gerenda
985 1553 1063 1608 sunt.

162 1638 220 1697 Ita
256 1639 328 1697 fuit
360 1657 499 1713 caecus,
535 1642 574 1697 ut
605 1639 716 1698 facile
750 1642 943 1714 appareret
975 1626 1220 1699 vidisseFrsm-

97 1747 186 1801 eum,
211 1727 304 1802 quod
326 1728 381 1787 fas
404 1747 474 1786 non
497 1728 636 1787 fuisset.
1150 1697 1201 1750 XX

164 1837 233 1889 ...ς
257 1815 293 1874 de
315 1815 398 1891 Appi
421 1818 500 1874 enim
524 1815 612 1874 Caeci
634 1817 752 1875 familia
775 1834 867 1894 genus
890 1815 1036 1875 trahebat.
1074 1816 1115 1874 Et

96 1907 292 1980 praecipitem
315 1906 417 1964 volens
448 1904 616 1982 significare
640 1908 729 1980 atque
752 1907 945 1962 temerarium
972 1905 1116 1980 resculpit

56 2014 83 2054 nc
97 1995 254 2052 infamiam
277 1994 360 2052 illius
379 1995 494 2067 incesti,
519 1994 599 2068 quod
617 1995 722 2052 fecisse
740 1995 773 2050 in
791 1996 894 2069 operto
913 1993 1016 2052 Bonae
1034 1993 1115 2052 Deae

97 2082 263 2156 videbatur,
296 2101 354 2156 quo
382 2083 455 2141 uiris
487 2082 605 2160 ingredi
636 2101 696 2141 non
725 2083 837 2157 liceret,
870 2084 956 2158 quasi
987 2101 1116 2157 poenam

99 2172 232 2230 criminis
247 2172 295 2230 sui
308 2171 390 2229 luere
403 2173 465 2229 iam
480 2172 611 2245 coeperit
629 2172 706 2229 nihil
724 2171 907 2246 providendo
928 2171 1007 2246 quod
1025 2171 1114 2229 dicat.

165 2260 273 2318 Illum
295 2263 482 2335 patronum
505 2258 677 2318 libidinis
701 2279 793 2318 suae.
1128 2246 1221 2316 ΡΨ·

167 2347 196 2406 C.
222 2347 395 2422 Curionem,
429 2350 482 2423 qui
513 2349 549 2408 de
581 2349 797 2424 proscribtione
830 2347 955 2423 Syllana
990 2348 1116 2406 frmdum
1138 2316 1202 2370 XXI

58 2455 84 2496 as
99 2439 212 2495 emerat
234 2439 267 2494 in
291 2436 468 2512 Campania,
493 2439 544 2512 qui
568 2436 598 2496 C.
618 2437 708 2495 Marii
730 2456 825 2513 nuper
847 2439 946 2496 fuerat
968 2440 999 2495 et
1020 2439 1116 2513 ipsius

99 2525 264 2600 Arpinatis.
304 2523 368 2594 Quo
392 2544 423 2585 se
446 2527 580 2601 exemplo
604 2527 747 2585 facillime
767 2525 869 2585 Cicero
892 2528 1035 2604 purgavit
1057 2545 1117 2585 non

100 2632 163 2672 esse
181 2614 214 2672 id
231 2616 264 2672 in
283 2632 313 2672 se
334 2615 616 2690 reprehendendum,
638 2616 715 2690 quod
738 2617 884 2690 municipi
901 2633 955 2674 suo
976 2613 1006 2673 C.
1020 2615 1116 2672 Mario

100 2704 250 2762 consulari
272 2721 436 2777 numquam
455 2705 547 2762 fuerit
568 2705 689 2762 infame.

166 2791 254 2849 Nam
285 2793 443 2851 rusticos
473 2793 505 2849 ei
532 2810 595 2850 nos
622 2792 741 2851 videri
768 2792 883 2850 minus
916 2790 1116 2849 mirandum
1130 2777 1221 2846 Fsgffl·

58 2884 166 2955 soest,
191 2882 251 2955 qui
274 2880 490 2938 manicatam
513 2881 672 2938 tunicam
695 2882 726 2937 et
747 2879 879 2936 relicum.
1134 2847 1212 2902 ΧΧΠ

166 2969 261 3026 Mixto
293 2969 446 3042 responsio
478 2970 508 3025 et
534 2969 651 3027 facetiis
679 2967 859 3027 urbanitatis
888 2970 918 3025 et
945 2969 1116 3043 asperitatis

100 3058 245 3117 violentia
272 3076 332 3116 non
359 3057 423 3116 sine
557 3056 670 3115 Definit
702 3058 781 3115 enim
812 3058 970 3116 rusticos
1001 3060 1031 3115 et
1060 3077 1117 3115 ur-

169 3227 354 3281 ideliotusC
406 3226 584 3294 ‘lexprobari
596 3227 644 3281 Um
699 3232 731 3279 13
746 3225 858 3279 omnino
869 3226 902 3281 St
960 3227 1117 3282 illicacta

102 3299 268 3367 lia.-}-2cm.
276 3325 309 3343 =
321 3304 355 3353 19
364 3299 414 3352 litt.
425 3299 576 3366 ἀμφιβολία
586 3297 634 3352 ἀπ’
643 3299 798 3364 ὁνόματοε2
851 3302 884 3350 27
894 3297 1118 3366 repraehenden-

102 3370 169 3422 dum
181 3371 244 3424 Coro
312 3374 345 3422 29
366 3369 445 3423 seiO
510 3375 543 3422 31
563 3368 704 3424 facetisC
764 3373 797 3421 32
810 3367 994 3422 uideolenitie
1010 3366 1117 3422 Oviru·

101 3440 190 3493 lentia
208 3457 265 3506 mc,
283 3457 350 3495 corr.
366 3442 408 3510 Zp
453 3441 502 3494 loc.
518 3457 565 3494 aa.
581 3440 673 3508 liu-l·
690 3440 739 3511 1¹J,
756 3457 805 3495 cm.
816 3466 849 3484 =
866 3444 900 3493 19
914 3440 964 3494 litt.
985 3439 1119 3505 ευγκρίεει

102 3512 164 3566 καθ’
183 3514 312 3578 opacata?
331 3516 475 3581 χλευαεμῷ
493 3511 582 3580 suppl.
597 3527 641 3564 mo
659 3515 814 3577 χλευαεμοῡ
834 3511 956 3576 (abaco
975 3509 1075 3570 snppt.
1086 3509 1134 3563 'ha
