2460 3816
319 589 570 664 ausaausa
597 588 853 663 reclausus

298 711 512 815 (SOHOLIA
540 709 868 812 caenomani)

234 859 290 918 AD
317 857 474 918 AGTION.
498 859 543 917 IN
565 858 731 917 VERREM
757 858 788 917 11
815 858 889 918 LIB.
912 857 935 916 Ι.

147 1171 197 1185 ...
217 1145 325 1201 ponere
348 1127 411 1186 sine
433 1126 494 1186 illis
512 1125 656 1185 localibus
674 1125 775 1185 foderis
794 1126 899 1184 melius
918 1126 971 1184 est.
1007 1123 1086 1184 Nam
1105 1131 1120 1190 ξ
1139 1131 1182 1179 45.

79 1218 164 1275 tanto
210 1216 305 1274 maior
348 1214 419 1275 fides
465 1214 632 1289 adquiritur
658 1215 782 1274 vnostris
823 1213 1087 1287 criminationibus,

81 1305 192 1379 quanto
220 1303 354 1362 videmur
380 1304 536 1381 tragoedia
561 1304 771 1378 praetermissa
793 1302 887 1362 veluti
913 1303 993 1362 nuda
1020 1321 1087 1377 pro-

80 1394 226 1468 positione
249 1411 311 1452 esse
334 1393 473 1452 contenti.
511 1392 610 1450 Velim
632 1393 733 1450 tamen
756 1394 787 1451 et
808 1393 839 1449 in
862 1392 918 1452 hac
940 1392 1086 1450 brevitate

53 1483 240 1556 sperspieias
272 1500 332 1539 non
362 1480 462 1541 abesse
494 1478 642 1540 Ciceronis
674 1479 806 1540 studium
836 1478 892 1553 τῆ(
920 1475 1086 1553 αὐξήεεωε.
1175 1529 1179 1546 ,

79 1570 115 1628 Id
143 1571 221 1628 enim
249 1571 323 1647 egit,
355 1572 390 1628 ut
417 1571 553 1646 quamvis
580 1571 757 1645 proponeret
783 1563 956 1646 (tantum),
987 1571 1087 1627 tamen

81 1658 272 1718 acerbitatem
294 1659 368 1717 mali
395 1658 535 1717 facinoris
559 1659 719 1719 extolleret.
765 1657 868 1732 Ipuem
893 1676 1000 1732 parum
1023 1659 1088 1716 erat

80 1747 200 1806 dixisset
223 1747 348 1807 subiecit
367 1764 400 1806 ca
420 1748 508 1822 liquis
526 1747 678 1815 uiridibus,
697 1746 776 1821 quod
794 1747 839 1806 est
856 1745 1086 1819 intolerabilium

81 1836 195 1894 addidit
235 1837 326 1895 etiarn
370 1836 492 1904 amiciris,
534 1854 591 1910 quo
636 1836 758 1909 spiritus
799 1836 894 1913 magis
934 1835 1087 1913 magisque

40 1943 65 1984 ro
80 1925 191 1983 auferri
222 1926 310 1998 solet,
347 1925 534 2000 superposuit
564 1927 598 1984 ia
628 1925 688 1984 loco
719 1927 854 1998 depasto,
888 1922 939 1981 ubi
970 1923 1088 1982 densior

80 2013 178 2072 fumus
220 2015 333 2072 animas
378 2013 548 2072 haurientes
593 2014 687 2090 urget.
755 2012 826 2072 Post
870 2013 943 2072 baec
983 2012 1087 2071 deinde

79 2103 184 2160 intulit
212 2104 355 2161 bominem
380 2103 539 2176 maecum
566 2101 657 2170 domi,
687 2102 824 2175 nobilem,
849 2118 882 2175 p.
909 2101 947 2159 R.
978 2103 1088 2160 sociam

80 2193 165 2263 atquc
209 2193 347 2259 maura,
391 2192 472 2263 farao
517 2192 711 2250 aquatum
754 2191 924 2250 secunaum
963 2190 1087 2263 reliquit.

81 2279 202 2352 Totum,
243 2281 270 2338 si
310 2279 458 2356 gradatim
498 2279 676 2353 consideres,
717 2273 883 2351 αὐξητικὸν
924 2280 975 2338 est.
1048 2277 1088 2337 nt

41 2385 66 2425 15
81 2368 275 2427 nihilominus
309 2370 390 2428 visus
427 2370 472 2427 est
502 2370 620 2427 tantum
652 2369 851 2444 proposuisse,
887 2386 946 2426 non
978 2369 1009 2426 et
1040 2386 1087 2426 ex-

81 2475 244 2534 aggerasse,
268 2476 334 2516 oum
356 2456 505 2516 robustius
523 2476 583 2515 non
601 2458 732 2532 potuerit
751 2475 866 2534 augere.
903 2456 959 2529 Ita,
982 2457 1008 2516 si
1025 2475 1088 2514 rem

81 2547 202 2620 spectes,
216 2563 325 2623 magna
339 2547 425 2622 copia
439 2547 492 2618 est,
510 2547 536 2604 si
549 2545 641 2604 verba
653 2564 797 2618 numeres,
816 2563 931 2604 summa
948 2544 1086 2604 brevitas.

147 2634 267 2709 anue
302 2636 339 2692 in
376 2635 576 2694 onerariam
613 2652 736 2692 navam
769 2651 865 2692 suam
902 2633 1182 2693 coiciendat46·

81 2723 230 2781 curavit.

41 2827 67 2866 ao
149 2809 271 2886 Copiam
293 2811 466 2886 rapinarum
489 2811 519 2868 et
537 2811 688 2888 signorum
705 2806 927 2866 multitudinem
946 2806 981 2866 de
999 2808 1086 2867 modo

80 2900 165 2958 navis
189 2899 331 2974 ostendit3
354 2900 472 2974 quippe,
496 2899 522 2956 si
545 2897 676 2957 adhaec
699 2897 795 2972 spolia
812 2897 917 2971 templi
936 2897 1087 2955 evehenda

80 2990 215 3047 oneraria
242 2989 327 3048 navis
355 2988 475 3047 admota
505 2989 562 3060 est,
596 2987 721 3061 apparet
748 2985 900 3061 quantitas
928 2986 1023 3045 oneris
1052 2987 1086 3045 de

80 3077 160 3135 alvei
181 3075 395 3156 magnitudine.

148 3269 161 3315 1
177 3280 331 3332 proponere
345 3264 377 3320 st
447 3269 462 3318 2
477 3263 616 3332 quandos
679 3263 771 3329 dfert.
786 3263 891 3331 quanto
901 3260 1033 3333 (magis)

81 3335 289 3402 ὅαύξηεεοεθ
359 3341 374 3388 6
398 3335 428 3388 id
446 3334 522 3389 enim
539 3334 584 3389 St:
602 3333 718 3387 idemO
770 3335 881 3387 tantum
906 3333 1010 3388 inserui
1028 3334 1085 3388 coll.

79 3421 104 3458 e.
120 3410 154 3459 15
228 3410 261 3458 10
281 3406 378 3476 augeri
394 3406 427 3471 0,
445 3422 513 3461 corr.
528 3407 584 3460 Leo
656 3405 1025 3473 11urgeret0,coor.12eo

81 3482 114 3529 12
133 3476 212 3545 p‘rG
282 3481 314 3530 16
333 3494 388 3530 non
407 3478 456 3532 dcl.
477 3475 508 3531 St
578 3480 612 3528 23
630 3474 746 3530 albeiO

134 3573 226 3615 scaone
239 3575 363 3616 rosanus
377 3575 411 3615 aa.
425 3574 588 3616 armannus.
928 3565 951 3610 t
