2460 3816
25 131 69 196 56
266 130 342 186 CUM
366 129 522 184 SENATUI
545 128 700 184 GRATIAS
723 129 807 184 EGIT

27 298 146 375 quando
169 298 256 358 rebus
279 299 356 358 nihil
378 299 533 374 depereat,
558 316 634 374 quae
662 299 725 356 sine
748 297 838 358 dubio
861 300 894 356 in
917 299 1048 362 aliarum

25 389 206 448 tractatione
237 388 410 462 reddentur,
442 406 512 446 nam
540 387 731 462 plurifariam
762 389 793 446 et
824 388 860 446 de
888 389 1047 448 consulatu
1115 423 1116 427 =

26 495 79 537 suo
103 479 134 536 et
156 477 192 536 de
215 477 304 538 exilio
327 480 357 536 et
380 477 483 535 contra
506 475 631 534 eundem
655 473 791 553 Clodium
814 477 966 536 locuturus
990 479 1046 536 est.

28 564 253 626 Consideremus
275 567 370 644 igitur
393 610 443 623 ...
719 629 720 632 ,

337 652 467 725 (Deserat
489 652 564 710 XII
577 652 733 734 popinae.)
1060 674 1088 719 :o

168 761 227 804 non
250 761 313 802 esse
336 741 491 818 deceptum
513 742 570 801 hac
593 742 783 802 simulatione
806 741 932 818 Pisonis,
956 762 1045 818 quem

26 836 145 910 penitus
165 833 318 911 cognitum
335 829 489 905 habuerit,
511 833 633 906 propter
657 849 798 908 generum
820 850 906 890 suum
929 833 1045 892 scilicet

29 922 57 981 0.
81 923 228 996 Pisonem,
253 922 305 995 qui
328 922 393 978 erat
416 938 450 977 ex
473 919 576 978 eadem
599 921 729 995 familia3
756 920 807 978 sed
830 921 974 997 populum
996 922 1046 981 uel

26 1014 154 1071 maxime
185 1009 356 1084 deceptum,
392 1009 445 1084 qui
476 1009 575 1067 uultui
610 1010 706 1087 magis
739 1010 802 1068 eius
835 1029 925 1084 quam
956 1009 1044 1069 rebus

27 1100 200 1173 crediderit,
232 1100 267 1156 ut
299 1097 449 1157 consulem
480 1097 658 1175 designaret.
713 1096 798 1166 Quod
829 1117 899 1157 uero
932 1099 976 1157 ait
1008 1099 1045 1167 de
1059 1119 1088 1159 ro

25 1192 160 1249 materno
177 1187 321 1263 sanguine
336 1186 543 1261 Transalpino,
562 1205 655 1262 aequo
674 1187 791 1262 plenius
805 1188 838 1246 in
852 1206 887 1246 ea
901 1181 1045 1262 oratione,

26 1297 102 1354 quae
128 1279 161 1335 in
183 1275 320 1334 Pisonem
347 1274 451 1333 habita
478 1277 536 1348 est,
564 1277 740 1334 continetur.
785 1276 854 1335 Non
880 1277 947 1335 uult
974 1294 1045 1355 ergo

25 1367 137 1427 iudicio
159 1364 264 1441 populi
287 1364 437 1422 consulem
460 1363 573 1422 factum
595 1364 700 1438 uideri,
723 1364 774 1423 sed
798 1383 904 1424 errore.

92 1454 125 1513 L.
149 1453 239 1512 Piso.
845 1468 846 1471 ’
884 1490 887 1495 -

94 1588 143 1601 ...
167 1541 335 1600 insectatur
353 1558 412 1600 non
433 1543 552 1600 tantum
570 1558 665 1601 mores
685 1543 757 1616 eius,
776 1541 827 1600 sed
846 1543 938 1602 etiam
955 1542 1044 1602 linia·
1059 1561 1087 1603 15

26 1634 127 1692 menta
157 1630 257 1690 voltus
290 1631 334 1688 et·
352 1648 468 1689 omnem
499 1629 651 1706 habitum,
683 1647 741 1706 quo
774 1633 954 1708 gravitatem
985 1649 1045 1691 non

25 1720 184 1798 praeferat,
207 1718 258 1778 sed
281 1719 451 1786 mentiatur.
487 1716 598 1789 ¹Oratio
622 1737 689 1777 cum
712 1720 873 1779 acerbitate
899 1721 1046 1780 stomachi

26 1810 178 1885 concepta,
200 1810 235 1866 ut
257 1809 331 1883 ipsis
344 1806 512 1868 'verborum
534 1807 731 1884 qualitatibus
751 1809 866 1869 animus
887 1810 1044 1869 irascentis

27 1919 45 1959 a
87 1898 177 1957 areat.
738 1927 748 1933 »

44 1919 159 2044 ppSed
191 2004 233 2043 ne
264 1985 366 2043 luctu
398 1985 540 2061 quidem
577 1977 631 2045 ac·
652 1988 791 2047 vestitu
822 1988 875 2045 rei
906 2007 933 2062 p.
963 1987 1088 2047 sub-so

25 2094 156 2137 vemre.
1073 2101 1076 2106 ·

93 2162 168 2222 Cum
208 2162 386 2220 decrevisset
426 2165 506 2220 enim
547 2165 667 2223 senatus
707 2165 799 2224 vestis
838 2166 1044 2237 mutationem,

25 2254 165 2313 uidelicet
188 2250 343 2309 adiuturus
368 2269 488 2310 causam
507 2249 666 2327 Ciceronis
690 2252 726 2311 ab
749 2253 856 2311 iisdem
874 2252 1043 2312 consulibus

95 2426 128 2473 10
147 2419 176 2472 in
190 2418 245 2472 Pis.
256 2417 356 2488 fragm.
370 2424 403 2473 10
421 2419 475 2473 Hic
485 2437 549 2474 cum
562 2437 580 2475 a
594 2422 676 2475 domo
686 2420 872 2494 (profectus)
882 2421 1045 2476 Placentiae

26 2492 98 2546 forte
114 2489 240 2544 consedit
254 2491 283 2543 et
296 2490 394 2559 paucis
404 2489 490 2562 <poet
503 2491 606 2563 annia>
616 2491 646 2544 in
661 2508 723 2546 eam
738 2493 881 2546 civitatem
948 2508 1043 2546 ascen-

27 2563 77 2616 dit.
119 2561 200 2614 Prius
224 2561 300 2614 enim
323 2558 433 2626 Gallus,
462 2562 527 2616 dein
551 2560 713 2617 Gallicanus
740 2563 810 2631 fuit,
834 2564 870 2617 ad
890 2566 1044 2617 extremum

27 2631 208 2687 Placentinus
226 2631 325 2686 haberi
348 2635 464 2702 coeptus
489 2635 539 2687 est.
577 2633 675 2703 fragm.
698 2640 730 2687 14
811 2636 861 2689 tua
879 2635 930 2689 illa
947 2635 1044 2688 nescio

27 2703 129 2773 quibua
153 2719 170 2757 a
197 2703 279 2756 terris
307 2705 457 2773 apportata
484 2705 574 2757 mater
598 2749 603 2758 .
625 2748 657 2758 ..
687 2711 773 2772 23,53
797 2721 813 2758 0
839 2706 964 2759 familiae
986 2722 1044 2759 non

28 2774 120 2828 dicam
148 2773 329 2843 Calpurniae,
356 2776 405 2829 sed
433 2774 608 2842 Caluentiae,
641 2792 732 2845 neque
759 2776 843 2830 huius
870 2777 961 2844 urbis,
993 2778 1043 2830 sed

26 2845 185 2899 Placentini
204 2845 364 2915 municipii,
387 2862 478 2915 neque
497 2847 609 2916 paterni
627 2849 750 2917 generis,
775 2848 824 2901 sed
846 2847 978 2902 bracatae
998 2864 1044 2902 co-

26 2917 170 2987 gnationis
202 2917 335 2971 dedecus!
396 2922 488 2985 26,62
611 2935 626 2971 ο
655 2919 766 2988 paterni
802 2919 913 2988 generis
946 2918 1042 2987 oblite,

26 2988 147 3042 materni
161 2987 207 3041 vix
224 2993 342 3042 memorl
362 2989 403 3042 ita
421 2989 524 3056 nesci0,
544 2990 612 3059 quid
626 2990 700 3043 istuc
716 2990 849 3056 fractum,
925 2990 1044 3043 inferius

28 3059 115 3114 etiam
135 3060 194 3181 get,
218 3075 303 3127 quam
326 3061 358 3112 ut
376 3059 580 3115 Mediolanensi
603 3077 752 3130 praecone,
773 3077 823 3116 avo
842 3063 904 3128 tuo,
926 3062 1043 3131 dignum

28 3145 87 3184 esse
105 3128 133 3181 vi
155 3131 242 3182 eatur.

94 3311 109 3359 6
143 3307 212 3374 iinon
237 3306 260 3360 0
311 3305 383 3377 <Ait
407 3306 458 3379 sc>
486 3325 541 3361 non
567 3325 610 3362 mo
701 3313 716 3361 7
748 3309 879 3378 paenitus
908 3310 971 3364 Ome

28 3436 59 3484 11
80 3376 403 3500 ΤΚὰΝὸὰΙΡΙΙῼᾸΕῆΙΙΟ
478 3439 510 3486 15
530 3435 579 3486 luc.
595 3437 612 3486 5
627 3435 660 3501 -l-
675 3438 749 3487 dem.
764 3436 806 3488 uel
818 3439 836 3487 4
849 3451 898 3489 cm.
909 3461 942 3479 =
952 3438 987 3489 21
1002 3435 1046 3487 cel

27 3502 112 3556 clia.
129 3504 282 3569 χλευαεμό(
300 3504 341 3557 cel
357 3506 503 3574 χλευαεμῷ
520 3505 609 3574 suppl.
624 3505 665 3575 Zp
