2460 3816
183 165 245 229 108
580 165 652 221 PRO
676 165 799 221 SESTIO

74 344 161 406 5141.
249 333 383 402 Quodsi
406 337 494 410 aput
516 333 755 394 Athenienses
783 334 943 394 homines
967 333 1128 393 Graecos.

350 423 496 483 Inlustrat
531 425 665 502 vigorem
702 425 795 482 animi
829 424 1008 498 virtutisque
1043 423 1197 481 Romanae

182 530 282 571 omnes
305 513 504 587 periculorum
527 514 661 572 incursus
680 513 877 590 neglegentis3
900 513 981 571 facta
999 515 1100 571 tamen
1119 531 1197 570 oom-

181 592 395 660 memoratione
431 621 485 677 per
521 601 719 661 differentiam
755 603 888 661 virorum
923 602 1108 674 inlustrium,
1145 602 1197 677 qui

182 692 256 766 aput
274 689 469 750 Athenienses
493 693 668 764 extiterrmt,
692 691 799 766 quibus
823 692 886 749 sine
909 689 998 749 dubio
1017 691 1197 749 strenuiores
1228 728 1230 744 .

182 779 256 838 dicit
269 779 419 839 Romanos
434 798 496 838 esse
511 779 624 839 debere.
656 780 765 838 Intulit
780 781 874 857 igitur
888 781 1197 838 commemorationem

181 870 278 944 primo
306 868 512 928 Themistocli:
545 870 598 945 qui
627 871 757 945 primum
783 869 862 927 bello
886 866 1050 944 Corcyraeo
1077 871 1198 943 praetor

181 959 278 1016 factus
302 977 337 1015 ex
360 960 486 1033 pecunia
509 958 629 1034 publica
653 961 771 1017 centum
793 959 916 1016 navium
939 958 1063 1016 classem
1086 958 1197 1015 facien-

182 1047 252 1105 dam
275 1065 336 1106 esse
361 1049 515 1122 persuasit
534 1049 564 1105 et
590 1045 769 1123 Corcyraeos
797 1065 864 1105 cum
889 1047 1087 1122 praedonibus
1115 1047 1196 1106 vicit.

182 1134 314 1211 Cumque
346 1136 428 1194 mille
462 1138 492 1194 et
524 1136 665 1195 ducentas
698 1154 788 1195 naves
820 1137 925 1213 longas
953 1138 984 1194 et
1015 1136 1072 1194 duo
1100 1135 1197 1192 millia
1211 1157 1230 1194 n

182 1227 386 1283 onerariarum
423 1228 453 1283 et
485 1227 674 1302 septingenta
706 1227 802 1283 millia
835 1225 969 1300 peditum
1001 1227 1032 1282 et
1063 1225 1197 1299 equitum

182 1313 400 1390 quadringenta
409 1313 519 1372 Xerxes
533 1316 565 1371 in
575 1312 731 1372 Graeciam
746 1314 912 1373 induxisset
926 1307 994 1392 [et],
1009 1332 1043 1371 ex
1057 1331 1196 1388 responso

181 1402 345 1478 Apollinis,
368 1423 426 1478 quo
450 1403 636 1478 praedictum
659 1406 736 1477 erat,
764 1407 799 1461 ut
821 1422 852 1462 se
875 1402 1070 1462 Athenienses
1097 1403 1197 1478 ligneo

181 1510 266 1550 muro
299 1493 467 1566 tuerentur,
498 1493 578 1550 idem
606 1492 817 1552 Themistocles
845 1493 999 1551 oraculum
1026 1491 1199 1566 explanavit

182 1581 221 1639 ad
243 1581 425 1655 praesidium
448 1583 571 1640 navium
593 1583 751 1656 pertinere,
774 1584 808 1639 ut
831 1583 862 1639 in
886 1600 935 1641 eas
956 1581 1150 1658 confugerent
1168 1582 1198 1637 et
1211 1599 1230 1637 1<

181 1671 293 1745 partim
321 1668 505 1728 Salaminam
537 1673 648 1744 partim
678 1671 859 1729 Troezenam
889 1672 1038 1745 peterent,
1070 1670 1197 1728 maiores

268 1844 344 1908 dsqq.
364 1839 458 1908 Nepos
476 1840 525 1893 vit.
540 1838 636 1893 Them.
652 1845 677 1906 2,
694 1846 768 1908 lsqq.
786 1840 897 1893 Primus
916 1840 1011 1892 autem
1025 1838 1129 1908 gradus
1142 1837 1198 1891 fuit

183 1912 371 1979 capessendae
389 1911 430 1963 rei
448 1910 579 1980 publicae
598 1909 673 1964 bello
693 1910 859 1980 Corcyraeo,
887 1911 924 1964 ad
947 1909 1022 1978 quod
1044 1910 1198 1978 gerendum

181 1983 294 2051 praetor
314 1998 330 2034 a
348 1981 453 2051 populo
471 1982 564 2036 factus
584 2025 589 2036 .
606 2025 611 2036 .
628 2026 657 2036 ..
694 1982 769 2035 Nam
792 1999 855 2035 cum
873 1982 994 2051 pecunia
1012 1980 1127 2050 publica
1147 2025 1151 2034 .
1168 2025 1173 2034 .
1191 2024 1196 2034 .

182 2052 333 2121 quotannis
349 2052 485 2119 interiret,
504 2052 553 2106 ille
571 2054 713 2122 persuasit
730 2053 843 2123 populo,
862 2055 895 2106 ut
914 2069 948 2106 ea
965 2054 1086 2121 pecunia
1100 2051 1197 2106 classis

183 2126 296 2177 centum
318 2124 433 2177 navium
451 2123 654 2178 aedificaretur.
772 2125 895 2194 primum
915 2123 1082 2192 Corcyraeos
1103 2123 1198 2193 fregit,

183 2195 284 2248 deinde
302 2193 458 2248 maritimos
478 2197 633 2263 praedones
653 2197 839 2250 consectando
858 2211 936 2249 mare
954 2197 1048 2249 tutum
1063 2195 1196 2248 reddidit.

182 2267 256 2320 Nam
271 2283 334 2320 cum
343 2265 447 2320 Xerxes
501 2266 608 2320 bellum
622 2267 768 2321 universae
782 2267 899 2321 inferret
909 2265 1049 2335 Europae,
1114 2265 1198 2319 huius

183 2337 258 2391 enim
277 2337 374 2391 classis
392 2337 470 2391 mille
490 2339 518 2390 et
537 2339 720 2392 ducentarum
738 2338 853 2391 navium
868 2339 1016 2407 longarum
1030 2337 1094 2405 fuit,
1114 2354 1199 2405 quam

183 2409 238 2462 duo
261 2408 341 2461 milia
364 2409 555 2462 onerariarum
580 2408 781 2476 sequebantu13
809 2410 948 2463 terrestris
973 2411 1067 2463 autem
1095 2409 1199 2463 exerci-

182 2481 228 2532 tus
242 2477 311 2533 DCC
325 2479 461 2547 peditum,
482 2480 608 2546 equiturn
622 2479 707 2534 CCCC
721 2480 801 2533 milia
814 2481 929 2535 fuerunt
948 2523 1002 2534 ....
1034 2479 1198 2533 Deliberan-

182 2551 258 2604 tibus
281 2549 385 2619 Pythia
406 2551 564 2619 respondit,
587 2553 620 2604 ut
637 2551 783 2605 moenibus
802 2552 904 2620 ligneis
924 2568 953 2606 se
976 2552 1124 2605 munirent.
1165 2549 1198 2602 Id

181 2638 346 2691 responsum
369 2638 424 2688 quo
443 2622 561 2689 valeret,
581 2626 652 2676 'cum
675 2623 853 2693 intellegeret
874 2640 969 2690 nemo,
996 2621 1198 2676 Themistocles

181 2693 323 2763 persuasit
342 2693 488 2746 consilium
508 2709 567 2747 esse
586 2693 739 2763 Apollinis,
762 2695 843 2748 utin
861 2711 945 2748 naves
960 2711 990 2748 se
1009 2709 1114 2760 suaque
1133 2708 1198 2746 con·

182 2764 294 2819 ferrent.
396 2780 446 2818 sua
465 2765 559 2818 omnia
579 2807 626 2818 ...
646 2765 751 2834 partim
770 2765 920 2833 Salamina,
939 2766 1044 2834 partim
1057 2764 1198 2818 Troezena

183 2836 345 2906 deportant;
372 2853 464 2890 arcem
487 2837 678 2890 sacerdotibus
701 2837 855 2906 paucisque
878 2836 1031 2890 maioribus
1054 2837 1124 2889 natu

182 2909 308 2975 tradunt,
326 2907 467 2976 reliquum
486 2909 622 2977 oppidum
640 2908 809 2974 relinquunt.

252 3073 265 3120 1
295 3068 396 3136 quodsi
423 3067 499 3123 codd.
520 3070 574 3123 Cic.
601 3068 676 3135 quod
705 3068 729 3122 0
807 3018 1082 3122 aeddoeoleoses

184 3146 199 3192 2
220 3140 268 3194 loc.
279 3144 355 3193 2cm.
367 3140 399 3206 A·
410 3143 429 3192 2
439 3141 487 3192 liu.
499 3141 531 3207 4-
543 3144 617 3192 scm.
629 3165 662 3184 =
673 3143 709 3192 50
719 3140 769 3194 litt.
780 3140 886 3210 Ziepler
901 3141 964 3209 lepit
972 3139 1115 3208 quaedam,
1129 3155 1199 3207 qaae

182 3245 261 3300 hodic
274 3261 330 3298 noc
345 3247 559 3312 perspiciuntur.
583 3246 670 3299 Initio
688 3247 774 3311 fcisse
787 3246 926 3301 contendit
945 3209 1112 3300 KdeCl..
1127 3248 1198 3301 κατὰ

183 3318 318 3382 (ύγκριαν
332 3316 542 3381 παραδείγματα
559 3319 806 3383 succenseretur
821 3319 907 3371 τόπος
921 3317 969 3371 ἀπ’
978 3319 1144 3372 ἑλάττονοεῖ

182 3387 279 3455 vigore
299 3387 347 3441 Cm
368 3385 494 3455 rigoreo
556 3387 788 3456 uirtutisquaeC
871 3387 1199 3442 3commemorati0nem

184 3459 208 3513 C
270 3456 492 3526 7Corcyrae00
548 3458 784 3527 tCorcyraeosC
846 3463 879 3512 10
897 3458 985 3515 illeO
1043 3466 1074 3512 12
1094 3459 1199 3514 Xersex

171 3529 206 3577 θ
246 3529 413 3582 induxisset
429 3532 460 3584 et
479 3531 557 3599 Ome,
576 3547 645 3587 corr.
660 3531 692 3587 St
