2460 3816
544 169 559 229 ᾗ
578 166 692 217 ee-ta.
1080 163 1122 228 51

106 352 175 392 cum
193 332 274 391 solus
290 331 478 391 Maeandrius
497 331 536 390 ad
553 330 756 390 testimonium
775 331 931 390 dicendum
948 333 1125 409 processerit

105 422 197 480 nullis
221 420 402 480 ornamentis
420 420 468 479 vel
486 440 602 479 morum
621 420 669 479 vel
688 419 844 497 dignitatis
867 421 1038 480 instructus.
1075 420 1125 479 lta

106 509 187 586 quod
224 509 357 568 validum
393 527 456 569 esse
493 512 596 568 contra
636 508 776 568 Flaccum
811 511 943 585 poterat,
984 529 1019 567 ex
1056 528 1122 570 con-

105 599 301 674 templatione
336 598 449 674 publici
484 599 650 657 testimonii
684 617 739 673 pro
773 598 888 657 abiecto
919 598 1124 674 accipiendum

79 687 257 748 evidebitur
279 707 338 746 uno
359 687 499 763 loquente
523 690 554 746 et
577 705 620 761 eo,
644 689 696 763 qui
713 706 773 746 non
792 686 832 746 sit
850 688 952 764 aliqua
969 687 1124 746 honestate

107 776 258 836 subnixus.

175 865 286 935 Quasi
307 865 534 924 ministrator
556 864 689 925 aderat.
1142 870 1218 930 §ba

175 950 410 1030 Μεταφορικῶε
433 955 540 1029 accipe.
577 953 811 1012 Ministratorem
835 947 908 1033 [his]
942 954 1020 1011 enim
1043 952 1124 1027 dicit,

107 1043 161 1118 qui
192 1044 254 1103 tela
286 1043 502 1121 gladiatoribus
535 1041 681 1120 suggerit3
716 1043 755 1101 ad
787 1062 875 1118 quem
907 1042 1028 1102 modum
1059 1042 1126 1102 vult

65 1153 92 1192 ro
105 1133 242 1209 intellegi
265 1135 357 1191 etiam
380 1132 417 1190 ab
441 1132 497 1191 hoc
515 1132 736 1191 accusatoribus
755 1132 880 1190 crimina
898 1131 1123 1190 subministrari.

174 1219 288 1290 Quare
335 1221 364 1280 si
409 1219 501 1280 bunc
545 1220 679 1279 babent
722 1224 902 1281 auctorem
943 1220 1125 1279 Tralliani

106 1311 242 1369 doloris
266 1312 329 1369 sui.

252 1398 348 1457 Poten

408 1504 538 1577 (Desunt
566 1504 654 1563 VIII
667 1504 821 1578 pectere.)

65 1649 91 1689 15
174 1632 300 1688 ...tem
324 1629 362 1687 ad
385 1629 571 1689 consulatum
593 1646 686 1704 usque
709 1631 886 1704 pervenerit,
908 1628 961 1686 ille
984 1646 1053 1686 vero
1076 1628 1124 1687 de·
1144 1632 1159 1691 l
1180 1631 1220 1681 77.

105 1718 204 1793 posita
231 1718 390 1777 tribunicia
412 1719 561 1794 potestate
588 1717 745 1775 damnatus
769 1719 821 1790 sit,
854 1719 884 1775 et
905 1715 1125 1775 firmamentum

106 1807 198 1866 adicit
228 1806 297 1867 huic
330 1807 584 1885 argumentationi
699 1807 778 1865 bunc
810 1824 927 1881 quoque
959 1804 1125 1864 Decianum

105 1896 182 1954 nihil
218 1899 293 1972 aput
328 1897 460 1954 animum
492 1894 593 1954 Flacci
624 1895 768 1954 resedisse
800 1913 834 1952 ex
866 1895 927 1954 illis
959 1895 1124 1954 inimicitiis

106 1983 278 2060 credidisse,
324 1983 563 2060 quandoquidem
604 2002 663 2042 non
705 1983 887 2042 dubitaverit
927 1981 980 2041 sub
1022 1982 1125 2042 eodem

65 2092 91 2132 ao
105 2073 226 2132 tribuno
249 2074 387 2132 militare.

173 2161 256 2221 Cum
282 2162 426 2238 prodire
454 2162 584 2237 nollet,
610 2182 679 2220 non
707 2163 761 2221 est
782 2162 847 2220 hoe
869 2163 905 2218 in
929 2161 1124 2236 absentem,
1143 2164 1158 2223 ἓ
1179 2162 1224 2235 78η

105 2252 165 2311 sed
187 2253 224 2308 in
246 2253 428 2310 latentem.

172 2330 223 2400 ζ..
256 2340 394 2399 Breviter
430 2342 460 2398 et
496 2340 631 2416 expedite
666 2359 720 2416 per
752 2338 954 2398 definitionem
986 2338 1125 2415 probavit
1216 2334 1219 2340 ’

105 2429 181 2488 nihil
207 2430 309 2504 inique
335 2430 481 2488 iudicasse
504 2430 657 2505 Flaccum,
680 2428 800 2505 quando
828 2446 859 2486 se
886 2446 945 2485 non
973 2428 1124 2487 absentem

65 2535 92 2576 eo
106 2519 197 2576 fuisse
228 2518 334 2594 probet
366 2536 399 2577 eo
432 2521 577 2595 tempore,
610 2537 668 2594 quo
700 2519 849 2576 sententia
879 2515 959 2575 dicta
989 2517 1041 2591 sit,
1074 2517 1124 2576 sed

106 2607 223 2682 prodire
251 2606 380 2666 noluisse
407 2607 538 2666 fateatur
565 2606 655 2666 sede
683 2605 863 2666 conscientia
884 2605 981 2664 malae
1009 2623 1123 2664 causae.

172 2695 292 2769 Mitto,
338 2695 430 2772 quod
476 2696 608 2768 aliena,
653 2697 771 2770 mitto,
822 2692 914 2768 quod
959 2711 1219 2772 possessagce¹

106 2803 167 2860 per
201 2804 279 2842 vrm.

175 2974 188 3020 1
217 2967 379 3021 Meandrius
399 2969 463 3022 Ome
486 2969 520 3034 cs.
540 2967 577 3020 od
596 2972 638 3033 50,
658 2973 691 3020 26
791 2974 808 3020 4
837 2966 947 3020 adiecto
968 2967 991 3021 0
1011 2966 1122 3022 adfecto

105 3057 162 3107 ece,
181 3055 249 3094 corr.
264 3040 306 3109 Zg
388 3043 402 3091 'l
428 3038 647 3093 ministraturO
716 3043 732 3092 8
757 3036 1052 3110 MlNlSTRdTORG‘l
1074 3040 1122 3095 los

106 3112 186 3166 ΕΝΙΜ
206 3111 289 3166 δΙίΙΤ
304 3110 521 3164 ministratorem
540 3109 565 3163 is
579 3109 655 3164 enim
669 3109 740 3163 dicit
756 3126 793 3175 m,
811 3125 879 3164 corr.
893 3108 931 3163 Or
948 3107 1123 3163 ministrator

105 3181 130 3236 is
145 3182 220 3236 enim
239 3181 342 3236 dicitnr
356 3183 397 3252 Zg
461 3187 493 3234 13
514 3183 724 3236 ..ΑΤΗ....Η
739 3182 821 3250 prior
836 3183 885 3235 loo.
900 3197 948 3234 ceo.
964 3182 1015 3236 litt.
1035 3182 1122 3235 altero

106 3255 156 3326 3¹l,
177 3272 225 3308 cm.
242 3280 274 3298 ==
294 3259 312 3308 6
329 3255 380 3308 litt.
400 3255 519 3309 euertere
563 3254 662 3322 potenti
682 3253 705 3307 0
720 3254 851 3320 potenter
869 3252 910 3306 oel
927 3252 1122 3319 potentissime

106 3326 194 3394 suppl.
206 3325 238 3381 St
310 3330 343 3378 17
358 3325 408 3380 loc.
419 3330 493 3379 doen.
505 3326 539 3392 -l-
549 3341 597 3378 ece.
607 3325 656 3378 lie.
667 3350 700 3369 =
710 3328 747 3378 24
759 3324 810 3378 litt.
822 3325 877 3378 ἀπὸ
891 3328 950 3377 τῶν
965 3325 1055 3391 ἔργων
1069 3330 1121 3377 roll

107 3397 266 3451 ἀντιδίκουῖ
339 3402 371 3449 21
391 3395 481 3449 nolles
500 3397 576 3450 codd.
592 3397 646 3450 Cic.
661 3394 781 3450 noletO
851 3399 888 3446 ab
905 3395 1074 3454 locam
1088 3405 1146 3436 eeu.

107 3494 140 3513 =
153 3472 187 3522 16
201 3469 252 3522 litt.
268 3473 358 3534 (χῆμα
372 3470 484 3535 torciaco
500 3467 592 3539 suppl.
603 3468 644 3540 Zg
658 3469 753 3524 atnoe
765 3465 814 3533 ban*
834 3465 977 3530 bostonus
1051 3456 1097 3499 ‘2³³
1109 3445 1173 3493 &Q

108 3539 143 3591 de
162 3539 248 3592 Com.
266 3555 292 3592 m
310 3538 421 3596 scilieet
441 3539 476 3596 de
497 3541 530 3600 St
549 3541 588 3599 de
607 3542 651 3614 Zg
1002 3602 1032 3654 ξ,
